2592 4022
416 251 597 302 submersu
620 251 755 300 sauros.
1019 243 1075 304 107

91 414 141 473 Sic
157 410 257 470 itidem
272 408 400 469 Romana
417 426 532 483 manus,
550 406 728 467 contendere
750 415 903 487 postquam

89 496 209 557 Destitit
227 503 256 554 et
271 510 374 573 pacem
397 492 492 569 longis
508 491 631 552 frenavit
646 490 783 566 habenis,

1 641 2 644 ,
90 581 157 658 lpsa
173 579 250 639 domi
269 579 353 655 leges
372 585 401 636 et
417 575 501 637 Graia
516 577 631 636 inventa
646 584 807 635 retractans

93 663 195 722 Omnia
211 662 355 722 bellorum
370 670 447 720 terra
464 662 595 738 quaesita
609 659 739 736 marique
1047 670 1082 724 30

92 747 223 807 Praemia
240 746 362 806 consilio
381 754 411 804 et
424 745 504 804 molli
522 745 635 805 ratione
650 742 784 820 regebat.

91 831 192 893 Stabat
207 831 236 889 in
253 829 313 898 bis;
336 847 431 907 neque
447 830 521 888 enim
538 836 654 906 poterat
670 836 806 886 constare
822 827 885 886 sine
900 827 987 906 ipsis,

93 914 152 975 Aut
169 915 276 974 frustra
292 915 376 974 uxori
395 913 578 990 mendaxque
594 911 744 989 Diespiter
761 910 844 970 olim:

90 998 259 1077 Imperium
274 1000 339 1058 sinc
357 997 417 1076 {loe
437 998 521 1073 dedi,
538 996 646 1055 dixisse
663 994 813 1073 probatur.

93 1081 176 1142 Nunc
192 1082 279 1159 igitur
294 1083 343 1161 qui
359 1100 408 1140 res
422 1080 567 1139 Romanas
583 1081 705 1157 imperat
726 1079 820 1154 inter,

91 1165 155 1225 Non
173 1164 257 1224 trabe
272 1165 325 1224 sed
340 1174 426 1241 tergo
442 1163 597 1242 prolapsus
616 1172 644 1222 et
659 1162 787 1240 ingluvie
803 1161 902 1237 albus,

0 1246 1 1275 ³
91 1250 128 1309 Et
144 1249 237 1318 studia
254 1258 283 1308 et
299 1249 415 1326 sapiens
431 1248 574 1306 hominum
590 1264 755 1324 nomenque
770 1263 923 1324 genusque

93 1331 194 1392 Omnia
211 1331 292 1392 abire
310 1332 390 1392 foras
405 1340 492 1407 atque
506 1331 578 1392 urbe
597 1332 746 1391 excedere
762 1331 853 1390 iussit.

0 1416 1 1427 ¹
93 1416 168 1489 Quia
183 1416 329 1476 iacimus?
360 1416 462 1477 Graios
478 1415 681 1493 hominumque
697 1414 864 1492 reliquimus
880 1412 984 1490 urbes,

0 1506 1 1553 l
93 1501 132 1560 Ut
147 1500 277 1560 Romana
292 1500 370 1559 icret
385 1500 476 1576 magis
495 1499 539 1558 his
555 1501 694 1557 instructa
710 1498 870 1574 magistris;

0 1616 1 1621 κ
92 1583 192 1659 Nunc,
211 1580 374 1662 Capitolino
390 1583 481 1642 veluti
498 1582 631 1641 turbante
648 1578 771 1641 (lamillo

0 1738 1 1741 Ἴ
93 1667 220 1728 Ensibus
236 1676 266 1726 et
283 1669 386 1726 trutina
404 1666 478 1726 Galli
492 1665 597 1742 lugere
618 1664 738 1740 relicta,

93 1752 143 1811 Sic
158 1752 249 1810 nostri
266 1751 367 1829 palare
383 1768 470 1809 senes
487 1750 619 1810 dicuntur
635 1757 664 1810 et
680 1749 735 1827 ipsi

91 1834 240 1896 litterale
258 1852 327 1894 suos
344 1851 416 1893 onus
433 1834 596 1912 exstirpare
613 1832 741 1893 libellos.

94 1917 174 1996 Ergo
190 1917 378 1978 Numantinus
395 1916 579 1996 Libycusque
599 1918 707 1978 erravit
724 1918 752 1975 in
774 1918 829 1975 isto

95 2003 213 2081 Scipio,
230 2004 278 2080 qui
293 2002 408 2062 Rhodio
425 2002 518 2061 crevit
535 2002 677 2061 formante
692 2001 849 2079 magistro,

1 2141 2 2144 ,
95 2082 202 2146 Cetera
219 2096 247 2146 et
263 2087 312 2147 illa
326 2103 425 2146 manus
441 2085 522 2145 bello
538 2085 662 2145 facunda
681 2084 827 2162 secundo,

95 2170 176 2243 Quos
195 2171 269 2230 inter
285 2171 374 2249 prisci
389 2171 532 2230 sententia
551 2169 598 2230 dia
614 2167 733 2230 Catonis

95 2255 177 2316 Scire
196 2255 270 2315 adeo
286 2254 382 2331 magni
399 2253 536 2327 iecisset,
555 2262 685 2312 utrumne
700 2252 836 2312 secundis

94 2339 140 2398 An
159 2341 250 2416 magis
268 2339 399 2399 adversis
415 2345 506 2396 staret
521 2335 648 2396 Romana
665 2332 820 2414 propago?

96 2423 215 2484 Scilicet
233 2422 382 2482 adversis:
406 2437 470 2480 nam
489 2438 574 2498 quum
593 2419 746 2480 defendier
766 2420 852 2478 armis

96 2508 204 2568 Suadet
219 2523 299 2567 amor
314 2506 426 2584 patriae
448 2513 477 2564 et
496 2505 609 2583 captiva
631 2503 785 2583 penatibus
798 2519 890 2578 uxor,

96 2590 257 2667 Convenit,
275 2599 307 2650 ut
320 2591 439 2667 vespis,
456 2607 576 2667 quarum
593 2587 694 2648 domus
710 2605 778 2647 arce
795 2585 947 2662 lilonetae,

1 2677 2 2684 ’
98 2675 193 2735 Turba
210 2676 310 2752 rigens
328 2673 436 2733 strictis
452 2691 506 2752 per
522 2672 600 2732 lutea
623 2688 748 2750 corpora
764 2669 846 2742 telis;

96 2757 150 2817 Ast
165 2759 213 2818 ubi
230 2777 301 2836 spes
321 2775 424 2816 secura
440 2757 531 2833 redit,
553 2756 644 2817 oblita
661 2753 793 2816 favorum

95 2842 183 2902 Plebs
198 2851 349 2921 materque
364 2859 420 2900 una
436 2858 537 2900 somno
555 2843 713 2900 moriuntur
730 2839 832 2900 obeso.

95 2924 313 2986 Romulidarum
330 2927 416 3002 igitur
431 2925 519 3001 longa
536 2935 565 2984 et
579 2925 678 3002 gravis
695 2925 811 2984 exitium
825 2940 893 3000 pax.

138 3008 203 3069 lloc
219 3009 328 3069 labella
344 3008 430 3069 modo
446 3026 565 3087 pausam
580 3009 659 3069 lacit.
693 3006 822 3086 Optima,
840 3004 978 3083 posthac,

95 3092 194 3168 llusa,
210 3093 299 3153 velim
316 3111 453 3169 moneas,
471 3093 534 3152 sine
552 3110 606 3170 qua
622 3092 690 3151 mibi
705 3091 783 3151 nulla
798 3088 935 3168 voluptas

1 3229 2 3244 ,
95 3175 223 3253 Vivere,
242 3179 282 3235 uti
298 3177 441 3256 quondam
455 3175 568 3254 Lydus,
585 3176 649 3237 dum
667 3177 786 3252 Smyrna
802 3173 931 3253 peribat,

1 3273 2 3284 ¹
96 3258 180 3320 Nunc
194 3260 293 3320 itidem
309 3263 435 3338 migrare
453 3261 546 3330 velis;
568 3261 618 3320 rel
634 3261 759 3339 denique
782 3257 895 3336 quidvis

96 3343 134 3404 Ut
150 3344 205 3405 dea
221 3363 330 3423 quaere
347 3345 442 3414 aliud;
466 3353 573 3404 tantum
591 3343 720 3405 Romana
736 3340 846 3404 Caleno

96 3426 214 3489 lloenia
229 3429 371 3489 iucundos
387 3431 554 3508 pariterque
570 3438 670 3489 averte
686 3427 820 3488 Sabinos.

98 3509 178 3572 llaec
195 3529 265 3590 ego;
290 3523 348 3573 tum
363 3515 463 3593 paucis
476 3512 530 3573 dea
546 3532 591 3573 me
609 3513 756 3590 dignarier
773 3510 846 3572 indt:
