2552 4028
505 275 630 324 saulae
651 278 675 326 1.

76 417 160 496 lpse,
184 415 351 475 lacernatae
372 431 458 493 quum
478 433 512 475 se
534 417 655 476 iactaret
677 418 800 479 amicae!

77 497 184 566 Nonne
207 497 278 559 libet
296 497 392 558 medio
414 515 499 558 ceras
519 501 645 579 implere
668 518 793 580 capaces

78 582 258 660 Quadririo,
282 599 367 661 quum
385 582 441 643 iam
465 593 550 644 sexta
571 585 691 645 cervice
712 586 837 664 lerator,

77 669 154 730 Hinc
175 676 263 746 atque
282 665 349 726 iude
371 675 475 745 patens
497 686 532 728 ac
554 669 630 738 nuda
652 686 746 748 paene
770 670 909 733 cathedra
1036 679 1069 735 oa

77 753 117 813 Et
139 751 257 812 multum
277 751 411 810 referens
434 751 470 812 de
492 751 665 813 Maecenate
689 755 811 833 supino,

78 839 219 914 signator
240 835 334 910 ialso,
359 837 408 912 qui
431 853 464 895 se
488 836 596 896 lautum
618 846 706 916 atque
729 838 844 900 beatum

36 947 53 992 η
77 921 200 998 Exiguis
222 919 327 980 tabulis
350 927 378 978 et
398 936 513 997 gemma
531 921 645 982 iecerat
663 920 742 982 uda?

79 1004 214 1064 Occurrit
232 1012 363 1063 matrona
385 1012 510 1081 potens,
534 1023 610 1084 quae
630 1005 721 1065 molle
745 1004 883 1067 Calenum

78 1088 253 1149 Porrectura
274 1089 337 1147 viro
357 1089 460 1148 miscet
481 1089 597 1149 sitiente
617 1088 763 1166 rubetam,
1037 1097 1070 1152 70

76 1173 260 1250 Instituitque
279 1171 371 1232 rudes
390 1172 495 1233 melior
515 1171 640 1234 Lucusta
652 1175 843 1254 propinquas

77 1257 135 1318 Per
156 1255 259 1316 famam
281 1264 310 1315 et
332 1255 471 1335 populum
493 1258 594 1336 nigros
619 1258 725 1320 efferre
744 1261 874 1329 maritos.

77 1340 165 1400 Ande
185 1340 292 1418 aliquid
315 1339 454 1400 brevibus
479 1339 582 1416 Gyaris
605 1352 635 1402 ct
657 1359 778 1404 carcere
801 1343 933 1420 dignam,

76 1425 109 1487 Si
129 1426 174 1484 vis
197 1441 264 1485 esse
287 1423 410 1503 aliquid:
435 1424 567 1504 probitas
591 1427 722 1488 laudatur
740 1436 776 1489 et*
792 1427 883 1504 alget,

78 1506 251 1569 Criminibus
275 1507 383 1568 debent
403 1508 521 1586 hortos,
544 1513 708 1589 praetoria,
731 1529 865 1588 mensas,
1036 1519 1069 1574 ts

76 1593 238 1669 Argentum
258 1599 342 1652 vetus
365 1602 393 1652 et
415 1601 537 1652 stantem
560 1603 642 1655 extra
664 1596 772 1674 pocula
795 1611 920 1672 caprum.

76 1677 172 1751 Quem
194 1675 301 1754 patitur
322 1675 448 1735 dormire
469 1693 558 1736 nurus
581 1687 737 1756 corruptor
759 1696 880 1753 avarae,

76 1760 173 1834 Quem
195 1775 323 1838 sponsae
346 1767 447 1838 turpes
469 1769 499 1820 et
518 1769 717 1838 praetentatus
740 1759 874 1822 adulter?

76 1845 110 1904 Si
131 1851 232 1902 natura
253 1851 358 1920 negat,
380 1843 450 1903 iacit
470 1844 630 1922 indignatio
650 1864 784 1923 versum,

77 1927 318 2004 Qualcmcunque
340 1936 456 2006 potest,
480 1929 583 2008 quales
603 1947 665 2008 ego
686 1931 735 1990 vel
757 1927 923 1991 Cluuienus.
1034 1938 1069 1992 80
1096 1959 1098 1964 ·

141 2010 187 2072 Ex
209 2027 268 2092 qno
290 2010 452 2072 Deucalion
472 2012 575 2073 nimbis
596 2015 765 2076 tollentibus
783 2031 897 2093 aequor

75 2093 202 2174 Navigio
224 2105 350 2156 montem
372 2097 503 2158 ascendit
523 2107 680 2178 sortesque
702 2101 855 2179 poposcit,

77 2179 276 2258 Paulatimque
298 2182 390 2240 anima
413 2181 563 2242 caluerunt
584 2183 681 2244 mollia
705 2202 792 2258 saxa,

76 2262 117 2324 Et
139 2263 264 2323 maribus
287 2264 377 2324 nudas
398 2267 526 2327 ostendit
548 2267 658 2343 Pyrrha
681 2268 806 2347 puellas,

78 2347 225 2427 Quidquid
242 2357 331 2426 agunt
345 2347 493 2424 homines,
510 2359 625 2427 votum,
642 2352 742 2426 timor,
760 2350 987 2428 ira,·voluptas,
1006 2360 1015 2393 ¹
1032 2359 1066 2412 et

78 2430 203 2506 Gaudia,
228 2432 395 2508 discursus,
417 2434 510 2491 nostri
530 2434 657 2510 farrago
672 2433 765 2493 libelli
786 2441 842 2493 est.

76 2513 116 2576 lit
138 2515 253 2594 qnando
276 2516 396 2575 uberior
416 2517 551 2576 vitiorum
574 2513 681 2595 copia?
703 2517 817 2596 quando

76 2598 171 2661 lllaior
193 2601 331 2660 avaritiae
353 2597 565 2678 patuit-sinus?
588 2601 653 2661 alea
675 2600 789 2679 quando

76 2683 139 2744 llos
158 2681 290 2744 animos?
312 2701 408 2762 neque
431 2687 506 2746 enim
529 2684 634 2746 loculis
656 2685 858 2746 comitantibus
880 2684 937 2746 itur

77 2767 124 2829 Ad
149 2785 247 2828 casum
267 2767 400 2844 tabulae,
421 2772 516 2847 posita
538 2769 590 2830 sed
612 2769 720 2830 luditur
741 2787 819 2831 arca.
1036 2779 1070 2834 90

77 2850 195 2913 Proelia
217 2862 322 2931 quauta
341 2852 403 2912 illic
423 2853 627 2932 dispensatore
650 2854 763 2914 videbis

77 2936 250 3014 Armigerol
273 2936 435 3016 simplexne
455 2937 537 2998 inror
560 2940 697 2999 sestertia
718 2946 833 2998 centum

77 3021 208 3082 Perdere
231 3029 260 3081 et
279 3021 408 3082 horrenti
429 3023 556 3082 tunicam
577 3037 636 3081 non
657 3021 782 3083 reddere
805 3019 916 3082 serrol

79 3103 151 3179 Quis
174 3104 294 3165 totidem
317 3105 411 3166 crexit
432 3105 534 3182 villas,
558 3107 622 3184 quis
641 3105 754 3166 lercula
774 3113 890 3184 septem

79 3190 205 3249 Secreto
228 3191 362 3250 coenavit
381 3187 474 3250 avus?
494 3207 570 3250 nunc
591 3189 721 3268 sportula
742 3192 835 3269 primo
1034 3194 1068 3248 95

78 3273 187 3333 Limine
210 3289 299 3352 parva
322 3273 422 3348 sedet,
446 3274 547 3334 turbae
568 3274 706 3351 rapienda
727 3282 861 3351 togatae:

78 3357 134 3418 llle
156 3367 253 3419 tamen
274 3358 380 3418 faciem
401 3359 480 3435 prius
502 3358 618 3437 inspicit
641 3367 671 3417 et
692 3358 833 3437 trepidat,
857 3373 893 3416 nc

80 3441 257 3521 Suppositus
278 3443 379 3502 venias
402 3459 437 3501 ac
454 3441 531 3503 lalso
548 3443 664 3502 nomine
685 3459 803 3522 poscas.

81 3525 203 3604 Agnitus
225 3529 368 3606 accipies;
392 3525 472 3586 iubet
493 3545 509 3587 a
531 3543 679 3606 praecone
703 3525 804 3586 vocari
823 3609 864 3670 μ
