2592 4022
230 264 272 326 oo
575 275 703 322 o.1uu.
727 275 914 323 ruvuunurs

233 416 381 480 Mundaret
404 414 538 492 loqueum
559 414 742 492 modiumque
768 414 939 476 ostenderet
960 427 1096 491 unguem.

230 499 311 576 Ergo
338 515 520 576 supervacuo
546 506 593 558 aut
617 498 665 558 vel
690 499 857 575 pernioiosu
872 507 1022 576 petuntur,
1152 551 1159 561 .

231 581 356 660 Propter
378 597 452 660 quoe
475 580 520 640 ios
544 591 591 642 est
614 600 708 659 genus
732 582 864 642 incerere
888 582 1020 642 deorumn
1119 591 1122 596 ’
1152 609 1156 614 ·
1201 599 1231 650 5⁶

253 661 422 738 'Quosdam
444 666 615 743 praecipitet
638 665 769 725 subiecto
793 666 922 742 potentio
940 683 1094 742 nrruugnueu¹

231 749 375 815 Invidiae:
401 750 505 826 mergit
530 749 618 826 longo
642 759 729 827 utque
751 750 870 826 insignis
893 749 1058 810 honorum*

231 834 347 910 Pagina.
382 832 569 893 Descendunt
593 842 704 894 stamar
730 843 896 911 restemque
922 841 1092 912 sequuntur,

230 917 315 995 Ipsos
339 916 443 977 deiude
466 926 547 976 rotas
570 917 700 992 ligurum
724 918 848 994 imp'notrr
870 919 983 977 soourls

232 999 334 1061 Caedit
356 1011 384 1060 et
408 1001 554 1059 immeritis
576 1000 745 1077 franguntur
768 1007 851 1062 eiuro
876 1000 1022 1074 oebaliisr
1081 1022 1085 1032 ·
1193 1013 1228 1068 od

230 1084 288 1144 lam
314 1084 435 1142 strident
460 1085 559 1162 ignes,
584 1086 638 1145 ium
661 1085 780 1146 lollibn's
803 1094 889 1163 atquo
914 1084 1032 1144 caminis

230 1168 324 1226 Ardet
347 1168 493 1226 adoratum
520 1167 630 1245 populo
655 1179 740 1245 caput
767 1177 797 1228 et
817 1169 1047 1246 erepatingens

231 1252 369 1318 Seianum
398 1250 501 1311 deinde
529 1267 566 1308 ex
592 1250 668 1310 lucie
688 1261 750 1312 toto
774 1252 847 1311 orbe
870 1252 998 1312 seeundo
1116 1305 1119 1312 .

230 1333 313 1394 Fiunt
336 1334 464 1407 urceoli,
487 1332 608 1411 pelves,
631 1343 764 1413 sortngo,
791 1334 935 1396 matellae.

231 1419 310 1478 l'one
337 1418 413 1477 domi
437 1417 550 1491 laurus,
573 1417 628 1477 duo
650 1420 681 1476 in
705 1418 849 1498 Capitolio
864 1429 1002 1495 magnum
1190 1429 1224 1485 65

232 1499 437 1579 cretatumque
460 1501 580 1562 bovem:
603 1503 725 1562 Seianus
747 1505 859 1564 ducitur
882 1509 977 1562 uuioo'

231 1586 429 1664 spectandus:
452 1585 578 1664 gaudent
601 1603 716 1646 omnes:
741 1586 941 1660 Ottolobus,
964 1587 1027 1664 quis
1050 1586 1092 1646 illi

231 1670 334 1730 Vultus
356 1670 433 1728 erat!
460 1687 625 1749 numquam,
653 1672 677 1730 si
701 1672 766 1748 quid
790 1671 858 1731 mihi
882 1671 994 1744 rmus,
1018 1672 1111 1734 survi

231 1754 312 1814 Huno
333 1753 491 1814 hominem!
518 1755 570 1814 sed
594 1771 651 1833 quo
675 1755 781 1815 oeoidit
806 1753 859 1814 snb
883 1751 1023 1814 crimine?
1046 1756 1183 1832 quisnam

231 1835 372 1898 Delatus?
405 1837 508 1916 quibus
540 1840 675 1914 indiciis,
715 1854 772 1916 quo
797 1847 873 1898 teste
896 1834 1053 1916 prohasti?
1074 1868 1117 1884 u·-
1146 1871 1149 1877 ·
1189 1847 1225 1903 to

231 1920 277 1981 Nil
301 1921 416 1980 horum:
440 1921 565 1982 verboso
590 1933 618 1981 et
639 1923 757 1998 grandis
782 1921 906 2000 epistola
932 1923 1011 1982 uenit

230 2005 256 2063 A
276 2003 407 2082 Capreis.
423 2039 464 2052 -
480 2006 558 2066 Bene
576 2005 677 2071 hubet;
703 2007 740 2066 nil
760 2006 824 2082 plus
836 2008 995 2084 interrogo.
1011 2027 1052 2056 ·-··-
1075 2006 1136 2067 Sed
1153 2009 1220 2086 quid
1271 2031 1272 2034 ¹

232 2087 327 2150 Turbo
350 2087 453 2150 Remi?
491 2091 628 2166 Sequitur
652 2089 792 2149 fortunam
815 2099 846 2148 nt
867 2107 985 2168 semper
1007 2099 1037 2150 et
1059 2091 1120 2151 odit

231 2173 404 2242 Domnutos;
429 2173 504 2232 idem
526 2173 670 2250 populus,
698 2176 722 2232 si
744 2173 843 2235 doun
865 2173 964 2234 Turro
992 2181 995 2188 ‘

231 2255 381 2331 Favisset,
405 2259 429 2316 si
456 2274 598 2334 oppressa
620 2258 697 2317 torst
719 2265 824 2318 seeum
848 2268 984 2318 seneotus
1188 2263 1220 2321 tt

231 2341 389 2419 Principis,
416 2340 471 2400 huo
492 2342 555 2418 ipsu
577 2343 711 2402 Seianum
734 2343 847 2402 diceret
871 2341 943 2402 hom
978 2347 981 2356 '

231 2423 402 2502 Augustum.
442 2423 500 2485 lum
521 2426 651 2503 pridem,
672 2445 711 2486 ex
737 2443 794 2506 quo
818 2427 955 2504 suffragio
977 2425 1048 2486 nulli

235 2508 406 2585 vendimus,
427 2509 526 2570 elludit
550 2528 649 2576 ourus;
672 2529 734 2571 nam
761 2511 809 2589 qui
831 2510 916 2570 debut
941 2510 1008 2570 olim

231 2592 402 2670 Imperium,
428 2593 542 2668 iasoes,
567 2594 720 2671 legiones,
745 2595 855 2667 omniu,
879 2612 954 2654 nuno
977 2612 1009 2653 se

232 2673 368 2735 Continet
392 2686 479 2754 utque
505 2677 575 2738 duos
599 2687 702 2736 tuntum
725 2695 774 2737 res
796 2680 897 2737 anxius
924 2687 1013 2756 optet,
1187 2689 1221 2744 so

232 2758 336 2821 Panem
361 2767 390 2818 et
413 2761 571 2819 oiroenses.
595 2793 637 2806 --
659 2760 806 2820 Perituros
830 2762 915 2822 audio
937 2761 1053 2821 multos.

231 2839 279 2901 Nil
303 2841 433 2918 dubium,
460 2859 563 2920 magns
584 2852 629 2903 est
651 2843 816 2912 fornacula:
839 2846 994 2924 pallidulus
1017 2847 1055 2905 rni

231 2926 374 2987 Brutidius
398 2943 478 2986 meus
500 2926 535 2988 od
557 2924 657 2987 Mortis
679 2930 730 2989 luit
756 2929 858 2989 obvius
881 2948 969 2990 arum.

231 3011 322 3086 Quam
348 3012 452 3086 timeo,
475 3014 578 3072 vietus
595 3030 631 3072 ne
654 3029 764 3092 poenos
789 3015 888 3091 exigat
910 3013 985 3073 Aiax

230 3093 267 3156 Ut
289 3096 363 3156 mule
385 3096 537 3156 defensus!
565 3115 711 3158 curremus
737 3099 913 3176 praecipites
937 3106 976 3172 et,
1187 3108 1220 3162 85

229 3178 303 3239 Dum
328 3180 405 3240 iacet
428 3181 456 3240 in
479 3182 557 3258 ripe,
583 3181 728 3242 oaloemus
754 3179 888 3242 Caesaris
911 3181 1035 3242 hostem.

231 3263 289 3322 Sed
311 3265 429 3324 videant
451 3267 545 3340 servi,
566 3281 602 3324 ne
625 3268 688 3343 quis
711 3276 799 3342 neget
815 3275 844 3325 et
866 3266 1001 3344 pavidum
1022 3266 1051 3325 in
1072 3265 1117 3326 ius

231 3344 355 3407 Cervioe
381 3348 521 3409 obstricta
544 3348 685 3408 dominum
708 3350 809 3409 trahat.
836 3383 879 3397 -
900 3349 937 3409 lli
958 3366 1110 3410 sermones

231 3427 311 3488 'luno
334 3430 370 3490 de
392 3433 515 3508 Seiano,
539 3441 653 3492 seoretu
679 3433 753 3492 haer
781 3451 922 3494 murmure
945 3434 1035 3512 vulgi.

232 3511 321 3571 Visne
344 3515 462 3576 suluturi
486 3517 560 3575 siout
585 3513 726 3578 Seianus?
751 3517 860 3577 hahere
1186 3525 1221 3580 90
