2592 4022
441 215 567 264 samua
590 216 647 262 XV.

114 360 243 421 Naturae
271 357 392 436 imperio
415 358 573 433 gemimus,
599 372 683 433 quum
705 355 789 416 iunus
815 357 930 419 adultae

117 443 244 521 Virginis
268 442 394 502 occurrit
419 441 469 500 vel
491 449 570 500 terra
593 438 736 498 clauditur
764 441 856 501 inians

116 527 154 588 Et
176 529 269 587 minor
290 527 357 603 igne
381 527 461 603 rogi;
486 527 550 604 quis
574 525 649 583 enim
672 521 766 584 bonus
790 534 819 585 et
840 527 905 587 iace
929 531 1030 608 dignus
1056 543 1106 597 140

116 611 249 687 Arcana,
274 609 389 689 qualem
416 606 535 669 Generis
557 608 619 668 vult
644 626 711 668 esse
735 610 886 687 sacerdos,

7 675 8 700 ³
116 696 184 756 Ulla
207 695 301 755 aliena
323 693 378 753 sibi
405 694 497 754 credit
518 689 614 754 mala?
653 693 778 770 Separat
801 694 859 755 boc
881 714 934 756 nos

7 847 8 850 Ἴ
116 779 142 839 Α
169 797 261 857 grege
284 787 442 854 mutorum,
467 787 553 856 atque
576 777 644 836 ideo
668 777 837 838 venerabile
860 780 917 840 soli

116 865 216 924 Sortiti
238 864 384 941 ingenium
408 863 627 940 divinorumque
650 878 775 939 capaces

123 949 214 1026 itque
242 946 416 1007 exercendis
444 946 652 1024 capiendisque
679 945 788 1005 artibus
815 949 875 1026 apti
1052 966 1105 1024 Ι145

7 1033 8 1056 ³
117 1035 239 1093 Sensum
268 1051 283 1091 a
307 1030 432 1090 coelesti
458 1031 612 1090 demissum
634 1031 772 1089 traximus
795 1049 874 1109 arce,

117 1115 205 1176 Cuius
228 1125 316 1193 egent
338 1132 430 1194 prona
454 1123 484 1174 et
505 1123 611 1173 terram
632 1115 805 1191 spectantia.
845 1114 941 1179 Mundi

116 1201 260 1279 Principio
287 1199 404 1260 indulsit
430 1199 586 1259 communis
611 1198 743 1258 conditor
767 1199 824 1259 illis

116 1285 237 1345 'lantum
262 1285 387 1360 animas,
410 1282 494 1343 nobis
518 1284 639 1343 animum
662 1301 795 1362 quoque,
820 1296 934 1348 mutuus
956 1300 986 1350 ut
1008 1310 1061 1353 nos

116 1369 248 1430 Affectus
272 1377 376 1447 petere
399 1368 534 1428 auxilium
557 1376 586 1427 et
611 1377 762 1445 praestare
785 1367 909 1448 iuberet,
1053 1390 1105 1442 150

116 1453 277 1532 Dispersus
300 1451 417 1514 trahere
438 1454 466 1511 in
490 1451 643 1530 populum,
667 1452 792 1528 migrare
815 1463 931 1515 vetusto

117 1537 162 1596 De
183 1554 304 1597 nemore
327 1545 356 1597 et
377 1537 495 1615 proavis
521 1535 662 1596 habitatas
685 1533 818 1614 linquere
844 1539 943 1617 silvas,

117 1621 282 1682 Aedificare
304 1620 423 1697 domos,
449 1619 558 1680 laribus
584 1619 763 1696 coniungere
785 1623 891 1682 nostris

118 1705 237 1765 'lectum
259 1704 352 1782 aliud,
380 1714 457 1766 tutos
479 1706 576 1764 vicino
603 1703 699 1764 limine
723 1720 840 1764 somnos

7 1817 8 1842 r
117 1789 155 1850 Ut
179 1789 285 1851 collata
308 1791 389 1852 daret
412 1789 533 1865 fiducia,
558 1797 717 1867 protegere
742 1789 827 1848 armis
1055 1809 1104 1862 155

116 1874 239 1952 Lapsum
265 1883 313 1936 aut
335 1875 444 1951 ingenti
466 1881 612 1932 nutantem
635 1872 754 1932 vulnere
779 1875 882 1952 civem,

118 1956 267 2019 Communi
289 1959 358 2018 dare
380 1959 463 2036 signa
486 1957 570 2036 tuba,
600 1955 752 2016 defendier
779 1957 870 2017 isdem

118 2042 256 2103 Turribus
278 2052 365 2121 atque
388 2061 443 2102 una
466 2051 614 2121 portarum
641 2042 724 2101 clave
751 2044 853 2102 teneri.

117 2127 176 2187 Sed
199 2128 254 2187 iarn
280 2137 445 2206 serpentum
467 2127 560 2188 maior
582 2127 757 2196 concordia;
781 2128 875 2205 parcit

118 2210 257 2287 Cognatis
280 2211 400 2271 maculis
423 2211 523 2270 similis
546 2211 628 2270 iera:
655 2209 769 2290 quando
793 2209 871 2269 leoni
1055 2225 1105 2280 160

117 2293 233 2355 Fortior
256 2296 361 2373 eripuit
381 2297 466 2355 vitam
491 2290 562 2353 leol
589 2311 646 2372 quo
669 2309 788 2352 nemore
811 2311 943 2372 umquam

117 2379 283 2458 Exspiravit
310 2398 381 2459 aper
403 2379 519 2438 maioris
543 2376 676 2438 dentibus
699 2374 784 2455 apri‘l

117 2463 213 2524 iudica
238 2464 320 2541 tigris
349 2465 408 2542 agit
428 2462 529 2523 rabida
553 2481 616 2522 cum
637 2461 744 2538 tigride
767 2478 870 2539 pacem
938 2463 941 2469 “

118 2548 308 2627 Perpetuam,
335 2549 432 2608 saevis
455 2550 529 2607 inter
553 2565 586 2607 se
610 2547 745 2606 convenit
762 2546 853 2604 ursis:

118 2631 173 2691 Ast
195 2633 301 2693 bomini
323 2633 431 2693 ferrum
454 2630 543 2692 letale
565 2630 671 2692 incude
693 2628 816 2690 nefanda
1053 2643 1104 2698 165

118 2716 294 2776 Produxisse
320 2735 419 2795 parum
445 2727 505 2793 est,
532 2734 617 2795 quum
639 2723 732 2775 rastra
754 2723 784 2774 et
810 2714 924 2777 sarcula
946 2724 1052 2778 tantum

118 2798 236 2860 desueti
261 2818 390 2880 coquere
416 2810 446 2861 et
463 2802 563 2860 marris
587 2819 622 2860 ac
643 2815 763 2860 vomere
789 2798 859 2860 lassi

117 2883 283 2945 Nescierint
308 2887 390 2964 primi
413 2884 528 2962 gladios
555 2883 714 2944 extendere
736 2882 821 2944 fabri.

117 2968 282 3048 Aspicimus
305 2970 449 3049 populos,
474 2985 597 3048 quorum
619 2985 677 3027 non
699 2967 807 3042 suflicit
829 2969 890 3028 irae
947 3011 951 3018 .

119 3051 271 3115 Occidisse
293 3055 435 3134 aliquem,
459 3053 511 3113 sed
536 3061 676 3132 pectora,
700 3051 835 3128 brachia,
859 3053 967 3112 uultum
1054 3061 1104 3117 uto

119 3131 302 3199 (tradiderint
323 3155 416 3216 genus
439 3155 505 3197 esse
531 3139 603 3208 cibi;
629 3137 697 3217 quid
719 3136 832 3197 diceret
857 3154 929 3214 ergo

115 3219 172 3280 Vel
199 3241 256 3301 quo
282 3240 339 3282 non
361 3221 494 3300 fugeret,
520 3222 544 3283 si
569 3239 645 3282 nunc
666 3221 741 3282 haec
763 3230 890 3282 monstra
916 3221 1040 3297 videret,

116 3304 314 3384 Pythagoras,
342 3309 453 3368 cunctis
478 3307 647 3368 animalibus
670 3307 806 3368 abstinuit
826 3306 875 3384 qui

67 3461 70 3466 Ι
118 3387 272 3469 Tamquam
296 3391 412 3451 homine
440 3401 470 3452 et
497 3393 590 3452 ventri
616 3391 733 3452 indulsit
754 3407 812 3450 non
839 3407 923 3450 omne
946 3389 1103 3468 legumen?

508 3517 708 3526 ---—-—--
