2592 4022
193 291 235 356 86
519 299 555 347 u.
578 298 650 348 1uu.
672 294 860 346 ruvuuams

194 446 309 523 Perque
331 451 424 518 uuum,
444 448 528 519 pater
546 438 661 517 Aegaei
682 435 834 516 Neptune,
855 434 1023 500 tridentem}

194 528 284 589 Addit
302 535 331 587 ei
352 523 516 586 Herculeos
538 540 623 583 arcas
643 522 814 600 hastamque
835 517 985 580 diiuervae
1002 522 1032 577 ei

196 610 342 691 Quidquid
363 607 471 670 habeut
491 607 615 668 telorum
634 605 852 666 armamentaria
875 603 962 665 coeli.

196 696 321 757 sivero
344 704 374 754 et
393 703 476 772 pater
499 700 561 767 cat,
584 689 751 765 comedam,
772 689 878 768 iuquit,
902 686 1001 748 debile
1022 685 1081 747 mu

196 780 327 859 sinciput
344 777 414 838 elixi
435 775 599 855 Pharioque
620 773 762 835 madentia
783 782 879 834 aceto.
1149 779 1186 836 85

238 864 310 924 Sum
327 862 356 922 iu
378 861 511 922 fortunae
532 860 582 938 qui
604 857 722 920 casibus
741 857 836 921 omuia
854 863 962 935 ponam

99 981 101 988 >
196 947 234 1008 Ει
253 946 332 1020 mullo
356 945 476 1008 credaut
495 943 628 1006 muudum
649 952 767 1004 rectore
790 941 912 1017 moveri,

196 1030 305 1094 Natura
326 1029 465 1092 rolveuic
485 1030 568 1089 vices
588 1036 618 1090 et
639 1027 713 1088 lucia
736 1035 766 1088 ct
783 1027 859 1102 amri,

197 1115 294 1194 Atque
316 1114 384 1176 ideo
404 1113 539 1192 intrepidi
561 1129 762 1192 quaecumque
785 1110 886 1171 altaria
905 1115 1033 1186 aauguui.

182 1187 250 1344 [Ense
272 1197 345 1259 alius
367 1206 515 1272 metuens,
537 1214 575 1256 ue
598 1197 708 1256 crimea
730 1213 825 1274 poena
847 1181 1012 1282 sequatur}
1154 1201 1191 1256 9⁰

223 1285 251 1343 ic
273 1291 353 1361 putat
371 1299 438 1341 esee
461 1280 535 1341 deos
557 1289 586 1340 et
607 1280 740 1358 peierat,
763 1289 850 1359 atque
871 1280 910 1339 ita
933 1295 1048 1338 aecum:

196 1366 362 1443 Decorum,
385 1364 587 1444 quodcumque
609 1363 707 1438 volet,
731 1363 767 1424 de
791 1379 918 1443 corpore
938 1371 1039 1424 uoairo

197 1451 253 1510 Isia
273 1458 303 1510 et
323 1451 397 1510 irato
418 1449 503 1510 feriat
524 1466 589 1509 mea
612 1447 718 1509 iumiaa
739 1449 838 1524 sistro,

197 1534 359 1594 Dummodo
380 1533 429 1594 vel
452 1549 559 1594 caecus
581 1540 696 1593 terream
714 1549 789 1612 quos
809 1530 926 1609 abnego
947 1547 1086 1592 mammea.

197 1618 235 1679 Ei
258 1617 380 1698 phthisis
398 1626 427 1678 ei
448 1619 582 1678 vomicae
603 1626 704 1697 putres
724 1626 756 1678 ei
778 1616 923 1677 dimidium
946 1633 1012 1676 cruc
1151 1619 1189 1677 95

198 1704 269 1765 Sum
286 1703 371 1780 tanti,
393 1719 506 1781 pauper
525 1701 704 1781 locupletem
726 1709 830 1780 optare
849 1699 1009 1780 podagram

197 1786 265 1847 Nec
287 1786 398 1848 dubitet
416 1785 526 1862 Ladas,
548 1786 574 1847 ai
598 1803 655 1846 uou
674 1795 744 1864 eget
761 1786 900 1861 Anticyra
919 1802 975 1844 uec

201 1870 384 1947 Archigeue3
407 1870 476 1949 quid
497 1871 573 1931 euim
594 1870 708 1931 velocis
729 1870 823 1948 gloria
846 1869 962 1948 plautae

199 1954 333 2015 Praestat
355 1963 384 2014 ec
407 1955 538 2014 esuriens
557 1953 679 2016 Pisaeae
702 1971 797 2016 ramua
820 1948 941 2015 olivae?

198 2037 236 2098 Ui
254 2039 291 2097 sit
312 2055 431 2114 magua,
452 2047 547 2098 tameo
570 2047 652 2098 cerie
674 2037 752 2099 lema
773 2040 815 2099 ira
838 2038 959 2099 deormu
980 2045 1039 2098 eui:
1139 2045 1190 2098 loo

199 2123 231 2183 si
254 2131 353 2181 curaui
374 2123 460 2198 igitur
483 2130 605 2181 cunctos
622 2123 724 2197 puuirc
745 2129 898 2199 uocantes,

201 2204 322 2278 Quando
342 2205 378 2266 ad
400 2222 446 2265 me
467 2202 605 2266 venient?
617 2206 677 2266 Sed
699 2215 729 2266 et
751 2205 902 2267 exorabile
924 2222 1029 2266 uumeu

198 2287 338 2350 Fortasse
362 2290 513 2369 experiar;
531 2290 610 2351 colei
629 2289 675 2351 die
698 2291 871 2368 ignoscere3
893 2290 973 2351 multi

201 2371 385 2435 Committum
408 2374 511 2436 eadam
533 2374 650 2435 diverso
671 2376 789 2436 crimiua
810 2375 887 2448 iato;

98 2536 104 2544 ἢ
198 2456 254 2519 lile
277 2476 394 2518 cmcem
415 2459 540 2520 sceleris
560 2460 685 2537 pretium
707 2459 787 2535 rulo,
810 2459 858 2519 hic
877 2459 1018 2521 diadema.
1140 2465 1191 2519 loc

199 2543 249 2604 Sic
268 2542 390 2603 animam
413 2543 493 2604 dirae
513 2544 657 2622 trepidum
678 2543 832 2604 formidine
852 2544 957 2622 culpae

201 2610 467 2692 enarmonium
490 2635 519 2688 ie
539 2645 624 2688 sacra
643 2629 679 2689 ad
701 2627 823 2688 delubra
844 2637 998 2688 vocantem

199 2709 368 2787 Praecedit,
391 2712 509 2773 trahere
531 2714 616 2772 immo
638 2712 714 2772 uitro
734 2730 768 2772 ac
788 2729 898 2773 verare
920 2719 1047 2791 paratus.

199 2792 271 2853 Nam
295 2811 380 2872 quum
402 2813 505 2872 magua
527 2795 621 2857 malae
644 2805 781 2874 superesi
800 2796 920 2857 audacia
943 2812 1061 2871 causae,

201 2875 372 2938 creditura
394 2877 490 2939 multia
512 2879 625 2941 dducia.
670 2878 784 2941 dlicuom
805 2881 866 2958 agii
885 2879 947 2956 ille,
1139 2885 1192 2938 llo

200 2959 309 3022 Urbaui
331 2962 446 3042 qualem
468 2962 606 3041 fugitivus
629 2983 729 3026 courra
749 2962 868 3026 Catulli:

200 3045 243 3106 Τιι
259 3046 347 3106 miser
368 3046 534 3124 exclamas,
557 3056 588 3108 ut
610 3050 745 3110 Stentora
766 3049 885 3108 vincere
904 3047 1012 3126 pomis,

199 3129 257 3190 Vel
278 3132 374 3208 potius
396 3141 531 3210 quantum
554 3131 694 3194 Gradivus
716 3132 903 3192 Homericus:
925 3130 1029 3206 Audio,

200 3211 349 3291 Iuppiter,
370 3214 462 3292 haec,
481 3234 537 3277 uec
559 3215 640 3277 labra
659 3235 776 3292 mores,
797 3234 883 3296 quum
905 3216 1020 3276 mittere
1041 3229 1148 3273 vocem

199 3295 344 3357 Debueria
371 3298 422 3360 uel
442 3317 621 3361 marmoreus
642 3300 693 3361 vel
714 3297 845 3361 aeneus?
869 3309 918 3362 aut
935 3317 987 3360 cur
1139 3303 1191 3359 116

199 3378 233 3439 lu
254 3381 382 3443 carbone
403 3392 453 3444 tuo
476 3383 574 3446 eirena
595 3384 643 3462 pia
664 3394 726 3445 iura
747 3385 842 3445 soluta

200 3460 335 3524 Pouimus
355 3475 385 3527 ei
405 3476 517 3529 aecium
535 3467 616 3529 vituli
635 3469 716 3528 iecur
736 3468 860 3547 albaque
878 3467 963 3547 porci

201 3542 345 3608 Omeutai
367 3558 398 3610 ut
418 3551 524 3628 video,
546 3552 655 3614 nullu
678 3552 834 3614 discrimen
855 3549 1018 3611 habendum
1036 3552 1084 3607 eat
