2592 4022
172 245 232 307 lot
501 251 536 297 n.
560 250 632 296 run.
656 248 842 296 ruvsuams

172 396 307 475 cogebat
327 393 412 454 vacui
434 391 544 450 ventris
569 390 667 466 furor,
690 388 821 448 hostibus
843 390 915 467 ipsis
1107 403 1160 456 100

172 481 317 542 Pallorem
343 495 377 537 ao
398 475 521 535 maciem
543 483 572 533 et
594 482 697 534 tenues
723 473 926 534 miserantibus
948 481 1038 549 artus,

172 564 302 624 blembra
324 561 418 622 aliena
441 559 517 619 lame
541 557 727 632 lacerabant,
756 575 823 616 esse
846 557 937 636 parati

173 649 211 708 Et
236 665 298 707 sua.
331 644 467 719 Quisnam
492 642 636 703 bominum
656 642 769 701 veniam
792 641 862 702 dare
889 641 991 719 quisve
1014 640 1136 702 deorum

172 729 328 792 Ventribus
353 727 493 788 abnueret
510 725 571 787 dira
595 735 681 803 atque
703 727 832 785 immania
855 726 950 804 passis

174 816 211 876 lit
234 812 337 894 quibus
360 811 474 872 illorum
495 819 629 888 poterant
650 810 806 887 ignoscere
828 827 938 885 manes,
1109 823 1161 874 105

174 900 303 975 Quorum
325 895 498 976 corporibus
519 890 734 954 vescebantur?
757 892 861 953 Melius
884 911 937 953 nos

175 983 301 1044 Zenonis
323 990 483 1060 praecepta
505 988 635 1047 monent;
662 996 719 1038 nec
739 979 813 1037 enim
836 979 946 1052 omnia,
974 977 1115 1057 quaedam

174 1067 230 1126 l‘ro
255 1067 313 1126 vita
334 1064 468 1126 facienda
491 1071 605 1143 putant:
635 1062 687 1122 sed
709 1058 854 1122 Cantaber
876 1061 951 1121 unde

175 1150 307 1225 Stoicus,
329 1150 437 1225 antiqui
460 1150 632 1226 praesertim
649 1155 745 1207 aetate
767 1143 900 1206 Metelli?

175 1233 257 1293 Nunc
279 1241 356 1292 totns
380 1231 481 1292 Graias
503 1240 676 1310 nostrasque
700 1229 790 1290 babet
809 1229 888 1289 orbis
913 1227 1052 1305 Athenas,
1110 1241 1162 1292 110

176 1317 269 1378 Gallia
295 1315 458 1375 causidicos
481 1312 579 1374 docuit
604 1313 727 1374 facunda
749 1313 910 1388 Britannos,

175 1401 220 1460 De
245 1398 434 1460 conducendo
459 1399 586 1476 loquitur
607 1400 663 1458 iam
683 1397 802 1458 rhetore
826 1398 929 1474 Thyle.

175 1484 289 1546 Nobilis
315 1483 367 1544 ille
389 1492 486 1544 tamen
507 1482 649 1562 populns²
679 1500 763 1560 quem
790 1481 927 1556 diximus,
956 1490 985 1540 ct
1008 1497 1060 1560 par

175 1568 289 1628 Virtute
315 1576 402 1647 atque
429 1567 503 1642 lide,
527 1567 580 1627 sed
602 1568 693 1626 maior
716 1565 815 1642 clade,
838 1567 995 1643 Saguntum

176 1652 247 1712 'lale
270 1651 338 1730 quid
361 1660 496 1711 excusat:
527 1649 673 1711 Maeotide
695 1651 811 1728 saevior
834 1668 882 1711 ara
1109 1659 1161 1712 lle

176 1737 340 1815 Aegyptus.
380 1734 496 1813 Quippe
518 1734 567 1794 illa
590 1734 704 1794 neiandi
729 1734 850 1794 Taurica
877 1735 954 1794 sacri

175 1820 322 1880 inventrix
344 1818 475 1878 homines
500 1821 546 1898 (ut
568 1820 639 1896 iam,
666 1837 740 1897 qnae
764 1813 889 1878 carmina
910 1817 1033 1893 tradunt,

176 1904 270 1981 Digna
294 1904 350 1963 lide
374 1903 493 1983 credas)
517 1912 624 1963 tantum
647 1902 792 1979 immolat,
815 1903 935 1964 ulterius
957 1901 996 1960 nil

177 1987 235 2046 Aut
258 1989 375 2065 gravius
399 1987 491 2046 cultro
514 1989 594 2046 timet
617 1986 725 2046 hostia:
753 1988 816 2065 quis
838 1986 924 2046 modo
949 2003 1034 2046 casus

175 2070 291 2150 Impulit
313 2068 388 2130 bos?
418 2087 492 2148 quae
514 2079 591 2130 tanta
615 2071 706 2130 iames
727 2070 890 2149 infestaque
913 2069 992 2130 vallo
1112 2079 1163 2131 120

177 2155 265 2214 Arma
290 2163 451 2231 coegerunt
474 2163 531 2213 tam
558 2153 731 2214 detestabile
755 2164 912 2216 monstrum

177 2233 319 2314 Addere?
347 2237 542 2313 annotabam,
570 2247 647 2298 terra
669 2237 856 2316 Memphitide
881 2240 969 2314 sicca,

176 2322 314 2382 invidiam
335 2322 467 2382 iacerent
490 2321 600 2382 nolenti
624 2340 747 2399 surgere
768 2320 860 2382 Nilo?

178 2406 242 2479 Qua
265 2424 322 2465 neo
343 2406 490 2466 terribiles
514 2404 621 2466 Cimbri
643 2425 699 2467 ncc
719 2406 853 2466 Bistones
876 2424 1009 2486 umquam

177 2491 425 2569 Sauromataeque
447 2499 545 2550 truces
570 2500 617 2551 aut
642 2492 779 2550 immanes
801 2490 970 2568 Agathyrsi,
1113 2502 1163 2554 125

177 2573 238 2634 Hac
261 2575 355 2634 saevit
376 2572 457 2634 rabie
479 2573 598 2635 imbelle
623 2584 652 2634 et
676 2574 775 2634 inutile
797 2575 913 2652 vulgus,

178 2658 300 2717 Parvula
321 2658 458 2718 fictilibus
480 2659 597 2718 solitum
618 2659 688 2718 dare
709 2658 777 2719 vela
799 2658 928 2737 phaselis

178 2739 216 2800 Et
241 2740 378 2800 brevibus
401 2744 498 2821 pictae
519 2745 606 2802 remis
633 2741 800 2802 incumbere
823 2752 927 2804 testae.

177 2822 241 2884 Nec
264 2842 388 2902 poenam
411 2824 518 2885 sceleri
538 2828 686 2903 invenies,
709 2845 764 2886 nec
786 2827 872 2904 digna
895 2827 1009 2906 parabis

179 2907 328 2987 Supplicia
349 2908 393 2970 his
419 2909 553 2988 populis,
578 2911 606 2968 in
629 2928 750 2989 quorum
772 2921 867 2972 mente
890 2929 976 2990 pares
999 2919 1065 2971 sunt
1114 2919 1164 2974 130

178 2991 215 3051 Et
238 2993 348 3053 similes
370 2995 412 3052 ira
435 3003 521 3072 atque
541 2995 642 3055 lamas.
674 2995 844 3056 blollissima
866 2996 955 3056 corda

178 3075 308 3136 Humano
332 3080 434 3155 generi
456 3078 526 3138 dare
552 3098 585 3139 se
608 3088 708 3139 natura
728 3080 864 3156 latetur‚·

180 3159 263 3234 Quae
287 3161 419 3222 lacrimas
443 3161 534 3231 dedit:
559 3163 633 3222 baec
654 3165 744 3222 nostri
765 3181 832 3242 pars
856 3165 963 3242 optima
985 3179 1099 3224 sensus.

178 3242 299 3304 Plorare
322 3262 394 3323 erqo
416 3244 498 3305 iubet
522 3265 637 3307 causam
658 3248 779 3307 dicentis
803 3249 885 3307 amici

179 3325 411 3408 squaloremque
434 3331 495 3406 rei,
518 3331 657 3409 pupillum
679 3330 715 3390 ad
736 3333 797 3391 iura
819 3341 973 3392 vocantem
1114 3338 1164 3394 135

180 3406 485 3490 circumscriptorem,
509 3417 588 3474 cuius
610 3417 751 3475 manantia
773 3415 841 3476 fletu

180 3491 238 3551 Ora
261 3493 408 3570 puellares
432 3496 540 3556 iaciunt
564 3499 674 3558 ineerta
697 3499 804 3575 capilli.
