2552 4028
475 313 601 362 suumn
622 313 670 362 vu.
1034 301 1072 362 37

81 449 143 513 lam
167 450 212 511 las
235 458 294 519 est;
321 450 439 513 admitte
461 451 557 512 viros!
573 483 614 496 —
632 449 692 510 lam
712 451 816 512 dormit
835 451 964 528 adulter,

80 533 137 597 llla
155 532 236 595 iulret
257 543 372 614 sumpto
394 535 529 596 iuuenem
550 551 714 614 properare
736 534 882 603 000011οιν
1024 545 1076 600 030

82 621 115 682 Si
137 617 209 679 nihil
231 628 293 695 est,
320 621 415 682 servis
439 620 608 688 incomitum
632 617 790 682 abstuleris
811 637 895 699 spem
976 646 980 654 ·

82 705 259 780 Servorum,
281 704 362 764 venit
384 711 414 764 et
436 703 597 764 conductus
621 704 772 782 aquarius;
795 701 844 767 laic
865 705 907 770 si¹

70 788 241 870 *Quaeritur
263 795 294 847 et
314 785 421 848 desunt
442 787 592 864 homines,
615 803 697 848 mora
718 785 799 848 nulla
819 804 874 866 per
894 789 998 868 ipsam,

83 872 150 946 Quo
174 871 267 930 minus
291 871 429 952 imposito
454 871 568 932 clunem
588 873 744 934 summittat
766 870 872 931 asello.
1060 873 1064 880 “

81 955 181 1034 Atque
204 956 311 1015 utinam
333 957 406 1016 ritus
428 965 548 1017 veteres
571 964 601 1016 et
625 955 744 1035 publica
766 955 871 1015 saltem
1024 963 1076 1018 335

81 1039 134 1099 llis
155 1041 263 1100 intacta
283 1039 368 1100 malis
389 1048 548 1118 agerentur
567 1057 667 1102 sacra:
690 1039 744 1100 sed
766 1056 868 1100 omnes

81 1122 235 1184 Noverunt
256 1121 347 1184 llauri
369 1133 456 1203 atque
480 1123 556 1201 ludi,
580 1142 657 1203 quae
681 1123 802 1203 psaltria
827 1139 934 1203 panem

82 1206 241 1284 Maiorem,
267 1225 353 1287 quam
379 1217 446 1268 sunt
470 1207 527 1268 aluo
556 1205 692 1269 Caesaris
713 1207 918 1283 Anticatones,

82 1290 174 1366 llluo,
200 1290 328 1352 testiculi
349 1290 405 1351 sibi
428 1293 563 1353 conscius
585 1293 662 1354 unde
683 1293 759 1369 fugit
778 1309 853 1370 mus,

81 1373 230 1452 Intulerit,
253 1373 303 1436 uhi
324 1374 417 1436 velari
440 1377 554 1454 pictura
578 1377 704 1451 iubetur,
1024 1384 1075 1438 340

83 1456 292 1537 Quaecumque
314 1457 434 1520 alterius
457 1478 547 1520 senus
569 1461 679 1522 imitata
701 1459 822 1538 liguram
844 1468 900 1520 est.

82 1539 121 1602 Et
146 1544 210 1621 quis
233 1551 301 1602 tunc
324 1541 470 1604 hominum
492 1553 676 1622 contemptor
696 1541 840 1605 numinis?
864 1552 912 1603 aut
936 1543 1000 1624 quis

82 1625 261 1704 simpuvium
283 1626 380 1686 ridere
405 1625 518 1687 Numae
542 1628 714 1706 nigrumque
738 1628 863 1688 catinum

80 1707 120 1768 Et
141 1707 285 1768 Vaticano
306 1708 428 1786 fragiles
451 1709 488 1770 de
508 1719 607 1772 monte
630 1710 758 1789 patellas

80 1792 190 1851 Ausus·
207 1786 291 1852 erat?
313 1792 367 1853 seul
388 1811 464 1854 0000
486 1792 522 1855 ad
546 1811 618 1872 quas
641 1810 700 1854 non
724 1790 845 1855 Gladius
867 1791 955 1855 aras?
1022 1803 1075 1858 345

123 1875 238 1951 Audio,
262 1875 331 1954 qulsl
354 1885 473 1938 ueteres
495 1877 564 1938 olim
586 1879 730 1939 moneatis
754 1878 853 1938 amici:

79 1960 161 2020 Pone
185 1977 296 2036 seram,
323 1960 507 2039 prohibel-
516 1961 576 2025 Sed
591 1965 656 2043 quis
666 1962 813 2026 custodiet
838 1962 920 2041 ipsos

82 2040 249 2105 Gustoulesl
275 2052 359 2106 cauta
385 2055 430 2106 est
453 2055 482 2108 et
503 2045 539 2108 alr
561 2047 620 2108 illis
644 2048 745 2127 incipit
769 2063 853 2110 uxor.

79 2127 199 2208 Iamque
223 2128 325 2190 eadem
347 2132 464 2191 summis
486 2130 596 2210 pariter
615 2133 797 2211 minimisque
822 2129 923 2207 libido,

78 2209 144 2272 Nec
165 2212 286 2290 melior,
311 2213 425 2275 silicem
449 2214 574 2294 pedibus
596 2234 672 2295 quae
694 2217 820 2278 conterit
841 2223 943 2292 atrum,
1021 2225 1074 2280 350

80 2294 173 2368 Quam
197 2313 273 2376 quae
295 2295 450 2375 longorum
474 2299 590 2361 vehitur
609 2302 727 2362 cervice
749 2300 899 2376 Syrorum.

79 2378 118 2441 Ut
139 2389 257 2459 spectat
280 2379 382 2459 ludos,
412 2382 548 2443 conducit
570 2380 694 2460 Ogulnia
716 2392 840 2460 restem,

79 2459 224 2524 Gonduett
245 2466 384 2543 comites,
408 2465 528 2541 sellam,
553 2466 697 2541 cervical,
723 2466 842 2541 amicas,

77 2546 228 2609 Nutricem
251 2557 283 2609 et
305 2548 425 2626 flavam,
451 2549 497 2610 oui
521 2548 571 2612 det
592 2548 742 2626 mandata,
764 2549 903 2629 puellam.

71 2631 159 2692 llaec
180 2641 277 2695 tamen
298 2635 412 2713 arpenti
432 2643 571 2714 superest
592 2633 795 2714 quodcumque
818 2635 932 2714 paterni
1019 2643 1071 2698 355

74 2714 203 2778 Levibus
226 2717 342 2780 athletis
366 2729 395 2781 et
419 2736 490 2782 vasa
512 2721 670 2780 nouissima
691 2719 789 2782 ulonat.

75 2799 174 2860 Multis
196 2820 246 2862 res
268 2811 391 2880 augusta
413 2804 506 2866 domi:
531 2805 584 2866 seul
604 2805 683 2866 nulla
708 2805 851 2885 pudorem

75 2884 259 2963 Paupertatis
282 2885 388 2965 lrabet,
410 2906 466 2949 neo
488 2906 522 2949 se
542 2891 659 2950 metitur
681 2890 717 2951 ad
741 2890 833 2967 illum,

76 2966 172 3042 Quem
192 2969 272 3031 dedit
291 2970 367 3034 haec
382 2975 540 3052 posuitque
558 2973 684 3035 modum.
712 2973 820 3036 Tamen
839 2971 910 3034 utile
932 2973 1001 3053 quill
1018 2974 1066 3047 sit,

75 3054 261 3133 Prospioiunt
283 3055 437 3137 aliquando
459 3059 529 3135 riri,
551 3058 702 3138 frigusque
724 3059 887 3136 famemque
1015 3063 1068 3118 300

74 3137 211 3200 Formica
232 3141 348 3202 tandem
370 3141 485 3221 quidam
505 3160 655 3222 expauere
675 3143 828 3222 magistra:

74 3222 203 3302 Prodiga
224 3241 283 3284 non
304 3229 393 3287 sentit
412 3236 584 3307 pereuntem
604 3227 710 3289 semina
733 3243 866 3292 censurat

75 3307 124 3368 Ac
147 3307 229 3371 uelut
251 3309 393 3370 exhausta
414 3313 562 3372 redivivus
584 3312 709 3391 pullulet
729 3327 797 3372 arca
893 3316 898 3324 '

73 3390 215 3453 Nummus
237 3401 267 3454 et
290 3412 307 3455 e
329 3393 418 3472 pleno
442 3395 561 3456 tollatur
584 3414 701 3476 semper
722 3411 842 3470 acervo,

73 3474 143 3537 Non
163 3495 296 3557 umquam
318 3486 470 3558 reputant,
492 3481 589 3558 quanti
610 3479 666 3541 sibi
687 3478 791 3556 gaudis
815 3484 957 3539 constent.
1013 3487 1065 3544 305

119 3561 193 3623 Sunt
214 3579 288 3641 quas
313 3563 435 3624 eunuchi
458 3563 594 3625 imbelles
615 3583 650 3625 ac
672 3563 772 3624 mollia
794 3583 911 3645 semper
