2592 4022
456 278 583 328 samma
604 281 662 329 XV.

121 421 152 481 Si
177 421 278 479 dsunt
300 415 422 478 omnes?
446 435 519 496 ergo
541 420 638 479 acrior
659 419 801 498 impetus,
826 430 856 482 at
877 423 932 483 ianr

121 506 199 566 Saxa
219 502 364 563 inclinatis
388 519 444 581 per
463 501 578 562 humum
600 505 730 581 quaesita
753 503 871 566 lacertis

119 588 265 667 lncipinut
285 595 444 666 torquere,
465 585 626 647 domestica
648 587 783 648 seditioni

8 673 9 676 ’
121 671 212 748 reis,
235 688 291 731 nec
311 670 388 731 bunc
408 670 550 750 lapidem,
574 670 677 750 quales
700 679 729 732 et
751 671 864 733 'l'urnns
887 680 918 733 et
939 671 1025 749 Aiax,
1074 683 1109 739 65

124 756 177 816 Vel
200 772 259 835 quo
281 754 410 830 Tydides
431 755 578 834 percussit
598 755 730 834 pondere
752 773 856 817 coxam

121 840 258 916 Aeneae,
283 837 337 898 sed
357 855 443 918 quem
464 838 582 901 valeant
602 841 736 900 emitte're
760 840 882 902 dextrae

120 925 183 985 lllis
205 922 361 984 dissimiles
385 932 415 983 et
436 932 538 984 nostro
559 932 693 1004 ternpore
714 933 809 986 natae.

120 1007 193 1069 Nara
214 1023 307 1086 genus
329 1006 388 1067 boc
408 1008 477 1068 rivo
497 1008 555 1068 iam
575 1007 769 1069 decrescebat
790 1007 931 1075 llomero;

121 1092 214 1154 'l'erra
232 1090 325 1152 malos
347 1090 479 1151 homines
500 1108 577 1151 nunc
603 1091 708 1152 educat
733 1101 820 1172 atque
843 1091 977 1172 pusillos.
1074 1099 1110 1156 lo

121 1176 203 1256 Ergo
230 1175 318 1252 deus,
343 1177 517 1254 quicumque
542 1176 673 1254 aspexit,
698 1176 775 1237 ridet
797 1185 827 1236 et
850 1175 919 1235 odit.

164 1259 192 1319 A
213 1260 395 1320 deverticulo
418 1267 570 1338 repetatur
591 1258 698 1320 fabula.
733 1259 900 1340 Postquam,

122 1344 264 1406 Subsidiis
286 1345 380 1420 aucti,
403 1361 472 1423 pars
494 1343 587 1404 altera
608 1362 745 1423 promere
767 1345 876 1405 ferrum

122 1428 220 1488 Audet
242 1437 271 1488 et
293 1426 407 1487 infestis
428 1445 555 1508 pugnarn
575 1429 737 1489 instaurare
761 1429 890 1505 sagittis:

121 1512 220 1590 Terga
243 1512 313 1589 luga
336 1511 428 1572 celari
450 1519 617 1590 praestant,
642 1511 813 1571 instantibus
836 1508 946 1586 Ombis,
1075 1521 1110 1577 75

123 1596 179 1670 Qui
199 1596 294 1657 vicina
321 1596 421 1656 colunt
442 1595 598 1655 umbrosae
620 1594 747 1671 Tentyra
769 1595 893 1674 palmae.

122 1678 240 1741 Labitur
264 1678 331 1740 binc
357 1678 488 1758 qnidam,
516 1679 600 1746 nimia
621 1679 776 1739 formidine
802 1695 917 1738 cursum

122 1763 341 1843 Praecipitans,
366 1764 553 1844 capiturqu03
579 1771 626 1823 ast
650 1762 781 1823 illumin
804 1763 926 1842 plurima
949 1772 1061 1824 sectum

122 1847 225 1907 Frusta
250 1855 281 1908 et
301 1847 475 1927 particulas,
495 1856 527 1908 ut
552 1846 650 1908 multis
670 1855 799 1907 mortuns
820 1864 894 1905 unns

123 1931 297 2009 seduceret,
319 1940 411 1992 totum
433 1933 563 1991 corrosis
584 1930 701 1992 ossibus
728 1930 788 1991 edit
1074 1939 1110 1994 tto

126 2017 236 2076 Victrix
258 2015 359 2094 turba,
382 2031 438 2075 ueo
459 2016 571 2076 ardenti
596 2015 715 2076 decoxit
736 2032 813 2075 aeno
1017 2027 1030 2058 ·,

123 2100 183 2160 Aut
202 2099 337 2169 venibam
360 2099 478 2178 longum
500 2100 688 2179 usqueadeo
709 2099 879 2179 tardumque
901 2099 1012 2178 putavit

123 2183 308 2264 Exspectare
331 2185 433 2261 iocos,
457 2193 594 2245 contenta
617 2184 762 2244 cadavere
783 2183 883 2245 crudo.

122 2268 178 2330 llio
196 2268 328 2346 pudere
349 2266 438 2344 libet,
463 2267 541 2347 quod
562 2284 621 2326 non
642 2266 798 2328 violaverit
818 2269 926 2344 ignem,
1032 2318 1037 2328 .

125 2352 218 2427 Quem
239 2368 348 2412 sumnra
374 2350 451 2411 coeli
472 2359 586 2430 raptum
608 2351 645 2410 de
667 2360 751 2429 parte
773 2349 963 2410 Prometheus
1074 2359 1110 2414 85

122 2436 250 2498 Donavit
270 2437 372 2504 terris;
396 2435 554 2516 {elemento
578 2433 711 2512 gratulor
733 2443 763 2493 et
783 2443 814 2493 ta

123 2520 280 2581 Exsultare
302 2520 395 2598 reon]
429 2519 492 2580 Sed
514 2520 563 2598 qui
582 2517 718 2578 mordere
741 2517 867 2578 cadaver

124 2605 280 2679 Sustinuit,
303 2604 344 2664 nil
365 2619 497 2681 umquam
518 2602 574 2663 bac
597 2619 684 2662 carne
706 2601 844 2662 libentius
867 2600 941 2669 edit;

123 2688 197 2750 Nam
217 2687 335 2748 scelere
356 2689 385 2747 in
407 2696 488 2748 tanto
510 2703 548 2747 ne
566 2703 690 2768 quaeras
713 2695 743 2746 et
764 2683 880 2746 dubites
901 2703 937 2745 an

124 2773 218 2834 Prima
235 2771 415 2851 uoluptatem
435 2771 504 2850 gula
523 2771 663 2840 senserit;
687 2769 803 2830 ultimus
825 2779 922 2832 autern
1076 2777 1111 2833 9⁰

126 2855 299 2932 osismos,
321 2854 474 2934 absumpto
497 2857 552 2916 iarn
573 2864 638 2917 toto
660 2871 805 2934 corpore,
828 2855 923 2915 ductis

124 2939 182 3000 Per
206 2948 313 2999 terram
340 2939 437 3017 digitis
459 2939 567 3019 aliquid
588 2939 626 2999 de
650 2941 792 3021 sanguine
813 2947 919 3018 gustat.

124 3024 294 3102 Vascones,
316 3023 391 3084 baec
413 3024 489 3084 fama
512 3033 576 3100 est,
603 3023 746 3083 alimentis
769 3021 875 3084 talibus
902 3021 971 3082 olim

124 3107 295 3169 Produxere
315 3111 440 3168 animasa
467 3108 521 3169 sed
543 3125 593 3167 res
613 3107 745 3182 diuersa,
767 3107 821 3168 sed
847 3106 909 3167 illic

125 3192 272 3253 Fortunae
295 3193 401 3253 invidia
422 3201 468 3252 est
486 3192 691 3271 bellorumque
715 3191 829 3268 ultima,
856 3207 941 3250 casus
1076 3197 1111 3252 95

125 3275 273 3352 Extremi,
298 3276 406 3354 longae
429 3276 491 3338 dira
517 3275 678 3336 obsidionis
699 3283 828 3353 egestas.

124 3359 215 3422 llnius
235 3361 326 3439 enim,
350 3360 428 3441 quod
451 3379 528 3422 nunc
548 3362 659 3440 agitur,
680 3357 847 3420 miserabile
870 3358 959 3418 debet

125 3443 300 3524 Exemplum
321 3462 390 3504 esse
411 3443 486 3522 cibi,
509 3446 584 3505 sicut
608 3445 695 3504 modo
721 3443 798 3504 dicta
821 3442 888 3503 milri
909 3457 984 3519 gens

126 3528 196 3589 Post
221 3545 321 3588 omnes
345 3526 470 3606 herbas,
492 3538 562 3608 post
582 3536 685 3589 cuncta
707 3527 856 3604 animalia,
879 3523 1016 3608 quidquid
