2552 4028
216 215 304 266 xm
603 206 810 256 meantime.

216 358 388 415 munditiarum
401 356 496 412 illarum
506 354 599 409 nucum
607 353 746 424 perueniat,
758 356 900 424 tantumque
909 350 977 408 aheot
989 359 1018 408 ut
1026 351 1116 408 horum
1125 365 1197 407 meu·

214 445 251 504 tio
267 441 372 513 priorem
387 441 469 496 Iooum
482 438 591 510 flagitet,
607 443 635 492 ut
652 438 699 492 nisi
715 437 861 508 anmgresois
875 435 999 501 sordibus,
1016 434 1195 509 quototoomh

215 531 322 596 spectet,
339 525 437 580 omuino
454 538 502 579 uon
520 521 648 594 intelligas.
662 547 699 562 -
717 519 745 576 V.
758 523 809 578 585
826 519 925 591 optione
939 518 995 576 duta
1010 517 1193 576 utrumdohooot

216 608 340 665 Pithoeani
356 609 381 663 in
397 606 464 664 eote
480 621 510 662 ao
521 605 580 662 inde
594 606 619 660 in
628 603 704 661 Indua
713 609 846 671 mmmmm,
864 617 920 658 oum
931 603 1051 676 plerhque
1060 601 1194 658 editoribus

215 693 373 764 posteriorem
389 692 507 747 rationem
523 689 585 745 hano
595 687 741 744 mammeob
751 701 847 742 onmem
856 686 974 758 praetuli,
990 687 1045 759 quia
1055 685 1196 759 astrologum

215 791 312 848 quopne
321 776 409 848 ahquid
420 773 519 847 epitheti
527 773 641 845 postolat,
653 771 717 845 quood
726 771 801 842 ipsim
806 785 863 826 uum
873 770 986 826 diuitibus
992 769 1196 826 ueoessitudinem

215 859 329 918 decimet
360 857 470 924 Iahnius,
482 858 545 930 apud
560 855 731 930 quem‘PIege
746 869 824 927 mogon
839 860 862 910 et
877 854 935 910 inde
951 854 1195 926 ωιὰιαιιιιιιςίιιιι,

216 940 727 1017 oeteoomoonetoiqoepeo'topremioouum
736 944 831 996 tantam
842 945 967 1010 qmeotum
979 938 1088 1010 retinuit:
1100 937 1196 993 etmihi

215 1028 281 1084 huno
290 1029 371 1098 potius
383 1026 496 1097 opulenta
505 1025 592 1080 mulier
601 1029 667 1080 oerta
683 1023 782 1078 meede
794 1021 841 1078 sthi
858 1021 990 1095 adiumgere
998 1022 1108 1088 uideor,
1120 1036 1196 1093 quum

216 1109 319 1181 PhrygIs
330 1115 355 1164 et
364 1109 418 1164 Iudi
428 1108 628 1164 consultationem
641 1108 689 1162 ioin
705 1105 864 1178 peregrinitas
879 1111 905 1162 et
914 1112 1008 1162 remota
1017 1105 1093 1176 patrio
1103 1107 1196 1176 pretio·

215 1194 304 1250 norem
315 1192 394 1248 iaoim.
413 1219 457 1255 ·.-
472 1190 502 1244 V.
513 1193 565 1250 589
581 1189 728 1261 praeclaram
738 1188 851 1262 Iiaduigh
868 1190 1030 1246 oonieeturem
1041 1205 1135 1245 moneo
1150 1205 1195 1261 pro

215 1291 302 1332 mooun
311 1275 428 1332 asoisoem
437 1289 486 1330 nou
497 1273 617 1339 dubitari,
634 1274 675 1330 oui
688 1287 827 1346 repugnans
838 1272 968 1330 I'eutieiios
985 1271 1088 1329 inIaIrn.
1107 1273 1194 1328 Auum.

216 1361 243 1416 Τ.
254 1358 336 1424 XLIII,
352 1373 377 1430 p.
390 1363 441 1418 lue
453 1373 502 1414 uon
518 1357 684 1414 animaduertit
693 1359 765 1414 etiam
780 1357 855 1414 notia
869 1357 921 1413 sola
931 1356 1079 1414 Salmoniiet
1089 1356 1195 1413 Inrenoii

215 1443 354 1499 oonisetura
363 1442 421 1506 niti:
437 1443 489 1512 ipse
498 1456 556 1497 vero
566 1456 625 1497 mon
640 1445 728 1501 uouit
742 1441 852 1514 dorem
867 1455 912 1512 pro
930 1441 1028 1513 donem
1044 1441 1195 1512 porioiitatns

214 1541 283 1592 sum,
301 1541 349 1599 quo
359 1527 424 1582 iaoto
435 1526 506 1581 etiem
517 1525 611 1585 iaoiiius
620 1532 690 1600 etque
699 1539 744 1596 pro
755 1541 826 1596 eoepe
836 1525 932 1580 retineri
947 1531 1049 1594 poterut
1080 1523 1144 1580 Nam
1154 1526 1195 1596 qui

215 1611 311 1684 dooepto
325 1611 399 1684 legit,
415 1623 502 1667 novam
515 1609 620 1683 -peteude'
628 1609 751 1666 rohonem
762 1609 835 1664 mam
844 1607 949 1666 adverbii
962 1607 1114 1664 iterationem
1123 1607 1196 1681 flagi-

215 1702 267 1752 tare
274 1701 358 1767 poten
370 1700 396 1751 at
404 1694 567 1766 supponendis
575 1693 658 1765 pueris
667 1700 723 1749 rota
732 1707 782 1748 non
792 1691 865 1748 orode
875 1692 1088 1764 nouieoipioutur‚
1095 1691 1137 1748 sed
1149 1693 1195 1748 im·

215 1779 310 1850 plentur
320 1785 345 1834 et
354 1777 442 1851 gaudia
452 1778 632 1851 quamvisirrita
644 1783 768 1839 creantur:
778 1775 891 1832 substitui
901 1775 990 1848 igitar,
1009 1790 1058 1848 qno
1069 1775 1138 1846 pueu'
1149 1776 1195 1847 ipsi

215 1869 269 1920 outo
279 1867 308 1916 ut
323 1861 389 1916 Pers.
400 1860 429 1918 II.
449 1865 483 1919 its
500 1875 559 1932 spes
571 1866 790 1919 moouooeotur.
809 1873 855 1915 uee
872 1859 956 1915 dubito
968 1860 1025 1932 quin
1044 1859 1195 1931 suppositioiu

218 1944 353 2016 dereptae
363 1944 537 2015 monos
547 1944 633 2000 eodem
643 1943 808 2014 irrepserint,
826 1957 875 2014 quo
885 1957 956 2014 sopra
967 1958 991 1999 u.
1002 1947 1037 2002 61
1048 1942 1153 2001 feminae
1164 1959 1195 1998 er

216 2025 348 2101 porticibus
359 2028 471 2082 ouueisve
480 2027 577 2098 muept
585 2025 733 2082 dimbantur.

300 2110 402 2166 LihiII.
414 2109 523 2166 Satvil.
533 2127 557 2165 u.
569 2113 610 2168 14.
624 2115 656 2170 15
668 2110 698 2166 aui
707 2124 761 2166 eam
771 2111 873 2167 turmam
883 2110 974 2183 redegi
987 2111 1099 2184 quamde
1108 2109 1194 2166 eonio
1257 2179 1258 2192 χ

215 2195 296 2251 iuven.
317 2210 342 2265 p.
354 2197 388 2254 19
404 2194 535 2265 proposui,
554 2201 581 2250 ut
589 2193 690 2268 Bithyno·
705 2201 730 2250 et
739 2193 828 2252 aeone
842 2195 911 2252 Ionos
926 2201 1089 2266 permutarent
1100 2199 1126 2250 et
1138 2201 1194 2250 anta

215 2293 354 2353 wetere
368 2291 464 2334 oomma
479 2277 618 2347 tolleretur,
634 2279 836 2350 queumdmodnrn
846 2277 886 2334 VI.
899 2281 950 2338 198
965 2279 1038 2334 simili
1048 2279 1074 2335 iu
1084 2286 1194 2334 ooumrn·

216 2363 296 2418 otiotm
305 2361 358 2418 fieri
367 2362 491 2427 uidemusr
502 2361 550 2418 hoo
560 2368 641 2419 autem
651 2363 716 2419 iaoto
731 2378 763 2419 ne
778 2378 802 2421 u.
815 2366 849 2422 15
859 2377 883 2419 o
889 2361 1009 2436 Piuugem
1020 2369 1046 2417 et
1055 2362 1194 2418 IIeinriohio
1257 2369 1258 2396 I

215 2453 313 2518 propter
330 2446 515 2504 enumerationis
530 2447 678 2504 nimietatem
695 2447 849 2513 damnemus,
866 2446 1003 2519 prohibent
1018 2445 1195 2514 turturini

218 2547 267 2588 uon
283 2533 362 2589 minor
371 2531 497 2588 nationum
509 2545 624 2588 numerus
633 2531 723 2604 insigni
738 2547 795 2588 oum
812 2531 836 2586 vi
846 2531 989 2587 oemulatur.
1004 2557 1040 2570 -—
1053 2530 1081 2584 V.
1093 2533 1130 2589 23
1142 2545 1194 2585 ore

216 2631 270 2671 eoos
329 2614 428 2671 midiae
438 2617 475 2671 uel
485 2613 672 2672 muitisI’ithoeo
688 2620 714 2669 et
723 2614 805 2672 Iahuio
819 2615 937 2680 reuocari,
948 2615 1004 2688 quia
1014 2613 1196 2670 membranaue

214 2697 342 2762 tabellam,
357 2713 406 2752 non
422 2697 483 2752 haee
500 2697 530 2754 ad
546 2697 611 2769 illam
628 2697 731 2766 pertiuet
747 2697 841 2769 ipsique
851 2697 946 2754 ablativi
956 2713 1038 2754 onero
1100 2696 1193 2761 tohettu
1257 2685 1258 2744 ἶ

216 2794 278 2852 quos
288 2778 350 2836 Pith.
362 2778 472 2847 exhibet,
490 2780 601 2851 autiquae
611 2780 746 2836 confusioni
758 2780 877 2853 originem
890 2780 979 2838 dehere
987 2782 1111 2846 uidentur,
1124 2781 1195 2836 euius

215 2861 297 2919 Sohol.
308 2864 381 2919 Ieotio
392 2879 474 2920 eremo
538 2861 636 2920 totone
655 2863 758 2936 osigia
774 2864 870 2935 prodit,
886 2879 1031 2938 quemquam
1045 2865 1093 2921 iam
1108 2863 1195 2936 oph'mi

216 2945 307 3004 codioie
316 2947 421 3004 mounda
431 2961 517 3002 manus
530 2961 624 3003 oreoooe
633 2947 877 3021 oouigeuioinuiam
889 2949 966 3005 rediit
976 2975 1014 2990 -
1026 2949 1095 3010 viiii
1104 2955 1131 3004 to
1140 2963 1195 3004 mea

215 3031 308 3088 medela
326 3036 377 3098 est,
396 3045 443 3104 qna
459 3031 544 3087 melior
559 3031 642 3086 sensui
651 3030 731 3088 afferri
740 3032 781 3088 uix
793 3033 886 3103 potuit:
902 3031 1064 3089 denomino
1073 3033 1195 3088 ueteribus

215 3129 264 3171 non
275 3114 412 3172 constitisse
421 3113 537 3170 librorum
548 3114 675 3170 uarIetates
692 3115 822 3172 ostendunt
831 3122 870 3181 ut,
881 3123 935 3183 ote,
948 3133 988 3183 oo,
1002 3131 1063 3189 puae
1071 3115 1194 3190 quomodo

215 3214 247 3256 ex
263 3198 366 3270 simplioi
375 3197 500 3254 ihthoeuni
516 3205 539 3255 et
554 3198 610 3254 orIri
624 3199 761 3269 potuerint,
778 3213 852 3272 aegre
861 3199 998 3273 intelligas:
1016 3207 1058 3256 oret
1067 3206 1092 3255 et
1102 3207 1129 3256 to
1136 3214 1194 3255 uero

215 3282 519 3340 euamvlii.uuecoumsa
528 3283 709 3339 esseniiemm
720 3281 920 3341 Neruaemtus
930 3285 1012 3340 iuno
1021 3298 1196 3355 menumquam

215 3379 246 3422 ex
256 3364 317 3420 Pith.
328 3365 425 3421 Iahnius
434 3367 553 3432 motans,
567 3365 592 3423 iu
602 3367 666 3437 apuu
673 3381 714 3422 me
723 3366 818 3436 porum
827 3366 924 3433 habuit,
935 3375 964 3424 ut
972 3367 1095 3442 modoque
1104 3367 1196 3422 reotiuu

214 3461 287 3522 qnam
299 3463 355 3504 oum
364 3449 462 3522 relirpns
472 3443 585 3507 or'onibm
593 3449 704 3524 teretique
712 3450 763 3522 legi
773 3451 903 3520 oreuemm,
914 3452 1004 3508 nedum
1012 3466 1036 3507 r.
1044 3457 1079 3512 oo
1085 3451 1115 3507 ah
1126 3465 1195 3506 com·

215 3545 282 3588 mum
299 3531 411 3591 omnihus
423 3533 542 3592 mutiensi
556 3533 587 3594 uti
604 3532 751 3590 muitum
766 3535 868 3590 transite
884 3549 957 3590 rusus
972 3535 1033 3601 siun,
1049 3549 1196 3608 quamquam
1256 3535 1257 3622 i
