2592 4022
480 256 605 306 saurus
622 259 697 307 vur.
1030 255 1071 316 au

78 395 183 456 Solam
204 393 336 473 Eponam
359 404 389 455 et
409 394 502 455 iacies
527 394 603 456 olida
627 396 663 456 ad
685 400 841 479 praesepia
863 399 965 479 pictus.

79 479 142 540 Sed
165 496 252 558 quum
274 478 434 557 pervigiles
455 478 554 558 placet
578 481 738 542 instaurare
759 485 894 562 popinas,

80 560 195 623 Obvius
220 561 337 623 assiduo
361 562 579 642 [Syrophoenix
601 563 674 624 udus
697 581 808 627 amomo

79 643 196 722 currit,
219 645 385 727 Idumaeae]
406 646 613 726 Syrophoenix
634 649 731 710 incola
750 659 853 729 portae
877 687 879 694 ·

76 729 212 809 Hospitis
234 729 342 790 affeetu
366 729 509 792 dominum
530 749 691 811 regamque
713 734 829 811 salutat,

76 812 118 874 lot
143 831 209 874 cum
230 814 328 874 venali
351 811 452 891 (inne
473 817 621 876 succincta
643 817 757 894 lagona.

77 897 232 958 Defensor
254 897 358 977 culpae
382 898 461 959 dicet
482 900 566 960 milri:
588 898 775 961 Fecimuset
796 919 852 961 nos
949 962 953 967 .

77 980 568 1052 Haeciuveues.-Esto;desisti
590 1001 712 1062 nempe,
737 1003 794 1046 nec
814 986 889 1046 ultra

75 1063 193 1125 Fovisti
217 1081 357 1125 eruorem.
391 1065 487 1128 Breve
509 1068 561 1144 sit,
582 1069 659 1146 quod
682 1070 805 1147 turpiter
826 1069 931 1140 audes;
1017 1082 1067 1138 lde

78 1147 231 1222 Quaedam
254 1167 319 1209 cum
341 1151 432 1229 prirna
453 1160 624 1211 resecentur
646 1153 764 1213 crimina
786 1153 891 1224 barba:

76 1230 205 1310 ludulge
225 1235 340 1294 renim
356 1235 472 1313 pueris:
495 1233 654 1296 Lateranus
674 1237 711 1297 ud
733 1236 801 1297 illos

77 1315 270 1377 Thermarum
295 1317 405 1378 calices
429 1319 627 1399 inscriptaque
648 1319 737 1381 lintea
758 1320 838 1381 vadit

76 1397 209 1461 Maturus
234 1399 315 1461 bello
337 1399 491 1463 Armeniae
513 1402 675 1482 Syriaeque
694 1404 808 1464 tuendis

78 1483 222 1543 Amnibus
247 1493 276 1544 et
297 1483 401 1544 Rheno
425 1495 513 1564 atque
534 1486 624 1555 Istro;
653 1496 805 1564 praestare
826 1485 974 1549 Neronem
1016 1499 1068 1555 1⁷0

78 1567 223 1628 Securum
239 1567 320 1629 valet
339 1567 414 1630 haec
430 1579 521 1630 aetas.
552 1569 634 1630 liitte
657 1569 756 1646 (latia,
782 1568 900 1649 Caesar,

77 1651 180 1727 siloe,
202 1651 303 1712 sedin
324 1669 427 1730 magua
447 1653 575 1730 legatum
596 1671 706 1733 quaere
728 1655 850 1733 popiua;

77 1734 216 1796 invenies
241 1733 339 1814 aliquo
363 1753 426 1796 cum
450 1755 627 1815 persuasore
649 1738 806 1814 iacentem,

77 1819 255 1880 Permixtum
278 1819 372 1880 nautis
396 1829 426 1880 et
448 1820 559 1880 iuribus
583 1840 618 1882 ac
638 1821 777 1898 fugitivis,

78 1903 160 1967 luter
182 1902 335 1964 carnilices
357 1912 387 1963 et
407 1904 508 1965 fabros
529 1905 742 1983 sandapilarum

79 1985 120 2048 Et
138 1987 296 2065 resupinati
324 1988 468 2050 cessantia
489 1997 626 2068 tympana
644 1988 724 2068 galli.

79 2070 184 2150 Aequa
206 2069 245 2130 ibi
267 2070 404 2148 libertas,
431 2075 589 2135 communia
612 2072 735 2152 pocula,
760 2073 854 2134 lectus

79 2153 146 2215 Nou
168 2153 242 2214 alius
264 2156 411 2234 cuiquam,
433 2174 492 2216 uec
511 2175 610 2217 mensa
632 2158 772 2219 remotior
791 2156 853 2218 ulli.

80 2237 156 2313 Quid
178 2238 269 2298 iacias
292 2238 381 2299 talem
402 2241 537 2316 sortitus,
560 2239 695 2317 Fontine,
717 2237 853 2301 servum?

78 2321 193 2401 Nempe
219 2322 248 2381 iu
267 2320 400 2382 Lucanos
424 2331 473 2383 aut
495 2322 591 2384 Tusca
614 2324 761 2400 ergastula
781 2325 886 2389 mittas.
1015 2337 1066 2391 leo

79 2404 118 2466 Aa
139 2421 211 2482 vos,
235 2403 437 2483 Troiugenae,
460 2406 545 2466 vobis
567 2407 719 2483 ignoscitis
743 2414 790 2482 et,
812 2423 887 2485 quae

79 2489 187 2568 'l'urpia
210 2489 347 2567 cerdoni,
376 2490 506 2550 Volesos
526 2488 702 2569 Brutumque
724 2489 877 2550 decebant.

122 2571 214 2649 Quid,
242 2574 268 2631 si
288 2590 442 2652 numquam
463 2573 537 2634 adeo
560 2573 654 2634 loedis
680 2571 816 2653 adeoque
838 2573 980 2653 pudendis

78 2656 191 2719 Utimur
210 2655 368 2737 exemplis,
391 2667 500 2718 utnon
523 2658 625 2737 peiora
649 2653 816 2736 supersint?

79 2739 264 2823 Consumptis
286 2741 392 2820 opibus
411 2759 531 2819 vocem,
555 2741 748 2822 Damasippo,
769 2741 874 2803 locasti
1013 2751 1065 2807 186

77 2824 211 2904 sipario,
235 2824 393 2887 clamosum
418 2845 524 2904 ageres
545 2835 576 2886 ut
599 2825 720 2888 Phasma
742 2824 857 2887 catulli.
881 2873 883 2881 .

74 2907 250 2970 Laureolum
271 2909 361 2970 velox
383 2910 568 2971 allambere
589 2909 726 2971 Lentulus
750 2912 822 2988 egit,

74 2991 175 3054 Iudice
197 3010 245 3052 me
266 2992 369 3072 dignus
388 3012 460 3054 vera
481 3011 580 3055 eruce.
613 2992 677 3054 Nec
698 3003 794 3054 tamen
814 2994 870 3072 ipsi

73 3075 217 3155 Ignoscas
240 3077 367 3156 populo:
390 3078 492 3158 populi
513 3077 594 3138 irone
615 3078 716 3140 durior
736 3076 832 3152 huius,
1075 3147 1077 3153 y

75 3159 133 3233 Qui
155 3158 240 3221 sedet
263 3170 293 3221 et
314 3169 430 3241 spectat
450 3163 598 3222 triscurria
620 3162 817 3241 patriciorum,
1013 3167 1063 3224 lit

75 3243 249 3324 Planipedes
274 3245 353 3306 audit
372 3244 495 3322 Fabios,
519 3245 615 3306 ridere
634 3254 733 3325 potest
755 3245 803 3322 qui

74 3327 286 3389 Mamercorum
310 3328 420 3408 alapas.
454 3328 559 3402 Quanti
579 3347 633 3390 sua
652 3329 754 3390 lunera
775 3325 910 3404 vendant,

74 3410 151 3485 Quid
173 3409 285 3472 referti
307 3413 435 3474 venduut
456 3413 536 3474 nullo
559 3422 684 3492 cogente
706 3411 835 3488 Nerone,

74 3494 139 3557 Nec
162 3495 292 3557 dubitant
312 3497 386 3558 celsi
408 3498 553 3576 praetoris
576 3497 705 3558 vendere
728 3495 813 3556 ludis.
