2552 4028
473 289 599 337 samaa
620 291 680 338 VII.

79 430 221 495 Omnibus
246 437 274 488 et
297 429 406 489 crescit
427 427 515 489 multa
538 429 676 490 damnosa
698 447 826 510 papyro;

77 519 130 580 Sic
153 516 259 592 ingens
279 531 376 572 rerum
397 529 533 573 numerus
555 512 634 575 iubet
657 522 742 593 atque
768 532 889 594 operum
910 513 968 576 lex.

79 601 165 676 Quae
188 608 286 658 tamen
306 597 374 658 inde
397 593 508 675 seges?
530 605 628 658 terrae
646 599 711 677 quis
732 599 845 659 fructus
867 598 1012 678 apertae?

79 685 152 760 Quis
176 682 256 743 dabit
275 681 431 758 historico,
454 689 588 761 quantum
611 682 694 742 daret
716 691 781 743 acta
803 681 936 760 legenti?

76 766 184 828 -Sed
203 784 297 844 genus
316 766 468 843 ignavum,
491 766 570 845 quod
593 765 672 826 lecto
694 766 803 844 gaudet
825 776 854 827 et
874 767 1074 835 umbre-105

78 853 136 914 Dic
159 853 266 930 igitur,
290 850 359 929 quid
381 850 536 911 causidicis
558 850 655 911 civilia
673 859 826 930 praestent

79 936 185 997 Oliicia
208 943 237 994 et
258 951 363 1011 magno
388 935 510 994 comites
532 935 561 993 in
582 934 664 995 fasce
686 932 803 995 libelli?

11 1065 15 1070 ·
77 1021 140 1101 Ipsi
161 1036 264 1097 magna
286 1027 405 1095 sonant,
425 1019 575 1094 sedtum,
605 1036 691 1097 quum
705 1019 843 1079 creditor
864 1018 954 1096 audit,

78 1105 260 1184 Praecipue,
283 1102 333 1163 vel
355 1105 379 1163 si
401 1103 496 1181 tetigit
512 1102 588 1162 latus
610 1104 708 1163 acrior
727 1102 791 1182 illo,

80 1187 428 1263 dissenciencium
451 1187 553 1264 grandi
576 1205 640 1247 eum
662 1187 767 1248 codiee
789 1203 905 1248 nomen.
1023 1200 1075 1254 110

80 1271 161 1334 l'unc
183 1273 322 1332 immensa
341 1273 405 1332 cavi
427 1273 537 1350 spirant
557 1271 709 1332 mendacia
731 1271 820 1332 folles
1045 1268 1047 1271 ’

80 1355 314 1435 conspuiturque
336 1357 431 1414 sinus:
449 1372 549 1415 veram
573 1355 758 1434 deprendere
779 1372 906 1416 messem

79 1443 111 1503 Si
134 1438 221 1514 libet,
244 1438 311 1499 hinc
333 1447 448 1499 centum
469 1441 641 1517 patrimonia
661 1439 886 1516 causidicorum,

78 1525 165 1586 Parte
188 1523 244 1584 alia
267 1522 359 1583 solum
380 1523 485 1582 russati
506 1539 584 1600 pone
600 1522 760 1582 Lacernae.

80 1608 251 1671 Consedere
275 1607 382 1667 duces:
404 1608 499 1683 surgis
521 1615 551 1665 tu
574 1605 699 1684 pallidus
719 1606 805 1682 Aiax,
1022 1618 1072 1672 115

77 1694 214 1755 Dicturus
237 1690 322 1752 dubia
341 1707 395 1769 pro
418 1690 569 1766 libertate,
590 1689 718 1750 bubulco

78 1777 188 1837 lodice.
230 1774 343 1854 Rumpe
364 1775 453 1836 miser
473 1783 587 1835 tensum
609 1775 706 1850 iecur,
728 1781 760 1833 ut
780 1771 832 1833 tibi
853 1773 933 1834 lasso

79 1861 218 1938 Figantur
239 1859 365 1936 virides,
389 1858 533 1919 scalarum
555 1858 667 1937 gloria,
688 1857 817 1937 palmae;

80 1942 167 2019 Quod
188 1945 271 2003 vocis
292 1939 435 2023 pretium?
458 1943 554 2002 siccus
573 1942 780 2021 petasunculus
805 1950 835 2002 et
856 1959 908 2002 vas

79 2027 282 2105 Pelamydum,
303 2036 353 2088 aut
372 2035 508 2104 veteres,
529 2025 695 2088 llaurorum
717 2025 871 2104 epimenia,
893 2025 984 2107 bulbi,
1018 2036 1070 2089 120

79 2113 252 2173 Autricum
275 2111 375 2171 liberi
396 2112 566 2188 devectum,
590 2111 717 2190 quinque
740 2110 874 2188 lagonae.

80 2198 112 2258 Si
133 2205 237 2276 quater
258 2196 361 2274 egisti,
384 2197 409 2255 si
432 2196 552 2274 contigit
574 2212 681 2255 aureus
701 2213 784 2272 uuus,

80 2277 149 2342 lude
173 2280 278 2340 cadunt
299 2288 398 2358 partes
419 2297 458 2339 ex
476 2279 600 2340 loedere
622 2280 875 2357 pragmaticorum.

80 2363 206 2425 Aemilio
228 2363 343 2425 dabitur
364 2372 498 2444 quantum
521 2363 604 2438 licet,
629 2371 658 2422 et
679 2363 782 2422 melius
799 2378 854 2421 nos
929 2375 931 2380 ’

66 2447 215 2526 .Egimus;
239 2448 324 2509 huius
343 2449 418 2509 enim
438 2455 496 2507 stat
519 2463 619 2505 currus
642 2462 768 2521 aeneus,
792 2444 843 2504 alti
1019 2454 1068 2507 lio

81 2532 274 2610 Quadriiugos
293 2533 322 2590 in
341 2530 510 2604 vestibulis,
534 2538 622 2606 atque
644 2530 709 2606 ipse
730 2529 825 2586 feroci

78 2617 229 2678 Bellatore
250 2615 358 2676 sedens
381 2622 527 2675 curvatum
547 2612 652 2672 hastile
671 2613 794 2671 minatur

79 2700 198 2762 liminus
221 2708 251 2760 et
273 2708 365 2760 statua
386 2698 540 2758 meditatur
558 2697 671 2776 proelia
691 2695 782 2756 lusca.

80 2787 130 2846 Sic
151 2784 232 2846 l‘edo
257 2783 423 2860 conturbat,
447 2780 544 2842 llatho
568 2781 681 2850 delicit;
705 2781 801 2841 exitus
819 2778 868 2840 lrio
888 2786 934 2839 est

81 2868 230 2946 Tongilii,
253 2884 358 2945 magno
382 2883 446 2927 cum
466 2865 655 2926 rhinocerote
677 2865 769 2925 lavari
1019 2869 1071 2925 130

80 2953 138 3028 Qui
161 2952 240 3013 solet
262 2961 291 3012 et
313 2959 402 3013 vexat
422 2949 562 3010 lutulenta
580 2949 686 3010 balnea
707 2947 792 3009 turba

79 3037 196 3115 Perque
218 3037 312 3097 iorum
333 3039 454 3096 iuvenes
475 3034 566 3112 longo
588 3034 693 3113 premit
714 3049 816 3092 assere
838 3029 969 3107 llaedos,

80 3120 238 3199 Empturus
261 3138 386 3200 pueros,
408 3127 574 3197 argeutum,
608 3119 751 3198 murrina,
779 3115 879 3186 villas3

81 3204 217 3284 Spondet
239 3207 314 3266 enim
338 3205 428 3280 Tyrio
451 3203 593 3264 stlattaria
614 3221 741 3282 purpura
762 3199 823 3260 lilo.

80 3287 120 3349 Et
140 3298 236 3350 tamen
259 3298 305 3350 est
323 3289 382 3351 illis
401 3289 458 3348 hoe
479 3288 565 3357 utile;
590 3305 716 3368 purpura
736 3285 836 3345 vendit
1020 3291 1072 3346 135

82 3370 286 3451 Causidicum,
306 3373 433 3434 vendunt
455 3371 660 3448 amethystina:
683 3370 819 3433 convenit
842 3367 900 3428 illis

81 3454 121 3516 lit
141 3459 264 3536 strepitu
284 3467 314 3518 et
335 3457 413 3518 facie
431 3458 548 3517 maioris
569 3459 671 3518 vivere
692 3473 808 3516 census.

57 3527 143 3640 [Sed
165 3541 253 3603 duem
272 3543 422 3622 impensae
445 3558 503 3601 non
525 3551 622 3603 servat
638 3539 764 3621 prodiga
786 3520 900 3641 Roma]

124 3645 172 3686 ruv
203 3647 264 3686 sur.
855 3631 873 3684 4
