2552 4028
196 203 248 255 111
577 196 784 248 cassandro.

195 347 283 404 vendis
294 346 378 416 poesin
387 345 452 401 idem
461 341 595 408 mnmciat
605 342 671 416 quod
681 341 765 400 Odoir.
777 341 891 403 ldtdlerus
902 340 1000 398 inllist
1012 340 1075 398 lites.
1086 355 1173 414 graec.

192 427 221 488 Τ.
233 431 253 499 l,
266 446 290 501 p.
304 429 356 487 247
372 426 543 484 iodrobiloobi
559 426 665 484 dictione
675 426 815 484 Homericae
831 427 867 484 sic
877 427 998 498 opposuit,
1008 432 1037 482 ut
1046 425 1109 482 banc
1119 426 1172 497 pie

193 529 266 588 raquo
276 514 383 584 epitheta
394 513 424 568 ad
433 513 513 569 solum
525 517 636 568 ornanum
645 511 822 577 tolomaidam
834 511 914 567 omnia
924 511 1009 567 iurem
1019 515 1172 582 praesentem

192 599 297 672 dirigere
307 597 518 660 animadvertereta
528 595 576 651 boo
585 597 668 669 utique
677 597 787 667 exemplo
796 597 868 654 etiam
878 594 1003 661 turmam.
1013 595 1172 652 lieeteetcro·

192 683 250 757 qnin
259 683 392 756 Vergilium
402 681 570 754 multomagis
584 697 656 754 quam
673 695 841 754 quemcunque
856 681 929 736 edum
946 687 1045 750 poetam
1054 683 1169 744 sectetur,

191 773 272 824 muron
287 767 334 823 bae
350 781 377 822 re
392 767 422 822 ab
440 765 505 822 illius
516 766 642 838 omnisque
657 767 741 836 cpioae
754 766 834 838 poesis
844 764 1018 820 eomuetudino
1028 763 1171 836 longissime

190 853 295 918 recedit,
315 853 379 926 quod
395 852 487 908 nullam
502 849 709 912 dulcorationis
725 857 818 921 partem
835 849 941 906 otiosam
955 863 1054 904 manere
1070 848 1169 919 patitur,

190 936 234 994 sed
244 935 666 1008 sua'mouiquerooabulosimsnmn
672 934 964 1004 aenmminbnpertitmt
973 932 1170 1004 quaeapudalioe

190 1021 320 1092 scriptores
328 1021 455 1076 coniuncta
461 1020 637 1074 demrrmunam
647 1017 1050 1088 sententiamoffioiant‚apudbunc
1059 1031 1170 1073 eommu-

190 1117 246 1158 nem
256 1104 369 1158 omnibus
378 1103 522 1158 sententiam
532 1108 569 1156 tot
579 1103 725 1173 imaginibus
741 1108 801 1175 quot
813 1101 885 1157 amba
895 1100 982 1157 babeat
998 1101 1168 1172 multiplicent.

190 1185 309 1266 §caihaco
320 1187 460 1260 singulatim
470 1185 587 1257 expiscari
597 1185 734 1257 interpretis
750 1185 858 1242 officium
867 1191 919 1254 est,
936 1185 1080 1242 necdesoot
1090 1186 1167 1258 quiin

190 1271 368 1326 commentariis
383 1271 434 1326 suis
444 1271 516 1326 docte
526 1276 552 1324 et
567 1276 637 1326 acute
648 1271 838 1333 enucleaverintp
854 1269 925 1326 cobis
935 1270 1008 1326 etiam
1018 1270 1097 1343 magis
1107 1270 1167 1330 dlnd

189 1356 322 1411 carendum
333 1369 386 1410 esse
395 1355 501 1422 ridetur,
514 1369 545 1409 ne
555 1354 653 1411 nimiam
663 1369 707 1426 per
715 1355 874 1412 subtilitatem
892 1355 947 1425 pius
956 1359 1043 1424 poetae
1053 1355 1166 1410 obtmda.

189 1445 235 1505 tur,
253 1455 325 1512 quam
336 1454 392 1494 eum
402 1440 482 1495 dicere
491 1438 596 1495 volrrisse
606 1453 637 1494 cx
647 1440 758 1496 universo
768 1440 817 1496 looi
832 1445 977 1512 mgumento
991 1453 1095 1511 eumque
1111 1438 1165 1495 reli·

188 1523 242 1596 quis
250 1539 315 1579 nexu
325 1524 441 1595 prodeam
451 1524 517 1581 huno
527 1523 604 1596 igitur
612 1530 641 1579 ut
651 1524 762 1591 lectores,
769 1524 907 1595 priusquam
913 1522 1009 1595 singula
1019 1523 1165 1596 aggredian-

188 1693 265 1764 primo
277 1693 446 1750 accedentibus
453 1694 516 1750 scitu
527 1709 588 1764 opus
600 1709 652 1750 esse
662 1693 780 1762 videntur,
788 1693 871 1764 paucis
881 1692 922 1748 bic
932 1691 1165 1762 comprehendimus

189 1775 220 1834 itt
226 1777 302 1848 potori
311 1776 408 1847 qudem
418 1777 473 1832 libri
482 1778 554 1832 satira
560 1777 654 1849 preco,
665 1793 737 1850 quam
748 1784 804 1849 post
814 1793 835 1835 a.
850 1781 901 1836 100
910 1777 1024 1846 scriptam
1033 1791 1087 1832 esse
1096 1777 1166 1834 llerii

189 1859 262 1914 Prisci
273 1860 364 1914 mentio
374 1860 460 1926 docet,
470 1861 550 1931 ipsum
560 1861 686 1916 satiramm
696 1861 875 1916 scribendarum
886 1861 1026 1926 cumdium,
1036 1867 1165 1934 postquam

188 1943 274 1999 eodem
285 1958 341 1998 oum
351 1943 449 2015 reliquis
458 1936 539 2014 poesis
548 1944 678 2016 generibus
694 1945 746 2000 iure
755 1946 792 2000 uti
807 1943 886 2014 lepide
897 1944 969 1999 evicit
980 1944 1018 2012 (a.
1034 1949 1095 2002 1-
1105 1949 1163 2015 18),

187 2027 280 2084 duabtts
290 2027 394 2084 mammo
405 2028 483 2082 camis
494 2028 613 2084 defendit:
623 2028 728 2099 primum
737 2029 793 2100 quia
802 2028 828 2083 in
837 2033 905 2086 tauta
913 2028 1026 2084 vitiorum
1037 2029 1163 2086 atrocitate

186 2111 319 2184 indignatio
330 2125 404 2183 aegre
414 2112 565 2170 conbneatur
578 2113 762 2184 (abd-80),
778 2112 864 2168 deindo
874 2113 929 2184 quie
939 2113 1033 2170 nudum
1043 2113 1162 2172 scribendi

76 2242 81 2258 ,
186 2210 265 2268 genus
279 2209 344 2250 nono
354 2195 495 2266 ampliorem
503 2197 629 2252 materiam
638 2197 742 2252 inveniat
753 2196 791 2264 (s.
802 2199 835 2254 81
846 2199 970 2268 —150);
988 2205 1110 2268 postremo
1121 2213 1163 2254 ve·

184 2279 221 2336 lut
237 2279 403 2350 interpedante
418 2279 542 2352 prudentia
557 2279 656 2336 callidae
672 2281 789 2338 cautionis
804 2287 1020 2354 temperamentum
1035 2283 1163 2353 pollicetur

186 2363 221 2432 (v.
235 2365 413 2434 151-171).
445 2363 557 2422 Seoroodo
566 2366 638 2422 satira
648 2381 698 2422 non
709 2365 845 2440 hypocritas
854 2371 956 2432 emtum
967 2372 995 2421 ut
1005 2367 1029 2422 in
1040 2365 1162 2422 veteribus

184 2447 328 2506 editionibus
344 2457 392 2515 est.
408 2451 448 2506 vel
465 2450 622 2522 philosophos
642 2451 774 2518 obscenos,
791 2450 835 2506 sed.
854 2451 884 2506 ab
898 2449 936 2504 bis
951 2449 1024 2504 modo
1043 2449 1161 2518 principio

184 2531 258 2588 ducto
270 2535 305 2602 (s.
319 2538 378 2589 1-
388 2537 436 2603 35)
448 2550 545 2590 omnem
554 2535 655 2589 maseuli
665 2536 761 2605 generis
772 2532 942 2602 turpitudinem
953 2537 978 2584 et
988 2529 1114 2584 mollitiem
1126 2531 1160 2586 ita

182 2613 320 2679 insectatur,
331 2623 359 2670 ut
369 2617 604 2684 primumLarouiam
614 2616 740 2670 moecham
749 2615 775 2669 in
784 2628 878 2670 marum
884 2612 1019 2682 voluptates
1029 2614 1095 2670 omni
1106 2630 1160 2670 mu·

182 2697 252 2754 liebri
267 2698 366 2754 libidine
381 2698 501 2754 loedores
511 2714 560 2755 non
570 2698 665 2754 indocte
675 2698 850 2754 declamantem
859 2697 956 2754 inducat
967 2697 1001 2766 (v.
1013 2698 1157 2768 eti-oe),

182 2787 298 2838 mmrero
308 2797 340 2838 ce
350 2781 567 2855 bonacosquidem
577 2780 813 2838 homineseommuni
823 2780 877 2838 labe
886 2781 1158 2860 abstinerevestiumqua

182 2865 301 2922 indecoris
317 2865 408 2921 deliciis
417 2866 483 2922 velut
498 2866 562 2922 dam
572 2865 602 2921 ad
614 2865 705 2924 maiora
721 2866 814 2938 flagitia
825 2865 917 2936 aperire
926 2872 1013 2938 arguat
1024 2866 1061 2934 (v.
1074 2871 1109 2927 70
1119 2895 1156 2910 -

181 2951 242 3017 82),
257 2966 360 3024 quorum
377 2950 490 3020 deinceps
504 2949 600 3023 singula
611 2951 720 3020 exempla
734 2950 773 3008 rel
784 2949 925 3008 excolenda
934 2950 1088 3014 muliebrium
1098 2951 1158 3007 oeri-

181 3035 317 3090 monimum
334 3033 467 3091 imitatione
477 3033 513 3102 (v.
524 3037 560 3094 83
568 3036 679 3102 —1ee)
691 3035 728 3090 vel
745 3048 776 3090 es
792 3035 891 3090 ludicris
905 3035 1024 3092 maiorum
1040 3036 1158 3109 gratim

181 3117 605 3192 indignis(s.143-158)petita
620 3125 725 3184 enarrat,
744 3119 977 3192 tortissimommque
992 3121 1098 3176 siromm
1114 3134 1158 3191 po·

181 3207 260 3258 steros
271 3203 300 3258 ab
311 3203 382 3274 ipsis,
393 3201 480 3274 pibus
491 3202 616 3274 imperent,
631 3203 738 3261 bmbaris
748 3218 843 3259 morum
854 3203 972 3274 probitate
981 3204 1089 3273 superari
1098 3218 1156 3276 que·

180 3284 241 3340 citur
252 3287 287 3354 (v.
303 3288 482 3354 159-170).
504 3287 596 3344 Tertiae
605 3289 693 3344 satirae
708 3288 809 3360 plurima
819 3289 908 3360 parsin
921 3285 1036 3344 Umbricii
1046 3287 1157 3359 qrreredis

180 3375 295 3432 amatur.
310 3371 378 3426 ouius
388 3371 433 3426 surb
443 3386 553 3443 persona,
565 3373 624 3429 dum
634 3371 712 3429 Roma
723 3371 901 3430 relietadumas
908 3371 1079 3444 transmigrare
1090 3377 1157 3442 parat

181 3450 439 3526 (v.1-2e).poeta
449 3456 554 3513 urbanae
563 3457 626 3513 vitae
637 3457 790 3514 incommoda
799 3456 968 3532 quadripertita
984 3455 1091 3512 oratione
1101 3468 1156 3526 per-

181 3537 301 3608 tsquitma
318 3539 423 3611 primum
437 3541 493 3614 quia
503 3541 611 3599 bonmds
626 3542 717 3599 artibus
726 3541 807 3600 nullus
820 3541 868 3600 iam
878 3541 946 3598 locus
962 3539 1060 3596 relicom
1073 3535 1131 3607 sit(
1146 3574 1154 3592 .
