2552 4028
403 285 407 290 ·
526 255 650 304 surina
670 255 717 302 v1.

110 394 305 472 Praecipuus
326 401 423 454 tamen
446 401 492 453 esi
513 393 631 470 borum,
654 397 702 472 qui
723 396 841 473 saepius
863 395 941 472 exul,

112 475 230 558 [Cuius
253 477 377 538 amicitie
403 477 652 560 conducendaque
673 477 782 538 tabella

109 560 248 638 Magnus
269 562 341 620 ciuis
364 559 426 624 obit
447 569 476 620 ei
497 561 666 637 formidatus
692 559 820 640 Othoni]

110 643 196 704 Inde
217 645 291 705 iides
315 645 401 721 artie,
426 644 523 705 sonuli
545 647 570 704 si
592 645 714 706 dextera
736 645 816 705 ferro
1063 657 1115 714 550

110 727 297 808 Laevaque,
319 730 344 788 si
365 729 455 806 longo
478 737 638 790 castrorum
660 731 688 789 in
712 741 834 789 carcere
854 731 967 789 manat.

109 809 218 872 Nemo
241 811 458 873 mathematicus
481 814 598 890 gerim
621 813 802 873 indemnatus
819 811 956 873 babebit:

111 895 186 956 Sed
207 896 255 974 qui
277 913 371 975 paene
395 898 488 975 perit,
511 899 557 957 cui
577 897 627 956 rix
647 899 676 957 iu
701 894 830 972 Cyclada
854 898 927 956 mitti

113 976 255 1056 Contigit
276 989 306 1039 ei
327 993 417 1058 parra
438 981 553 1040 taudem
575 983 704 1041 caruisse
727 979 863 1058 Seripho,

112 1060 257 1123 Consulit
279 1064 419 1124 ictericae
441 1063 520 1124 leuto
544 1065 580 1124 de
602 1063 705 1124 iuuere
726 1065 836 1139 matris,
1062 1069 1113 1129 565

111 1145 200 1206 Ante
221 1155 316 1207 tamen
339 1147 375 1207 de
398 1155 428 1208 te
450 1147 591 1226 dampuii
613 1156 678 1226 tua,
702 1147 817 1228 quaudo
843 1158 978 1206 sororem

110 1228 235 1290 Efferat
257 1239 286 1290 et
310 1240 445 1310 patruos,
469 1246 505 1292 an
527 1235 564 1292 sit
586 1234 715 1292 vicimus
738 1230 854 1292 adulter

111 1313 193 1374 Post
213 1313 320 1392 ipsuum
345 1315 413 1393 quid
430 1317 508 1396 onim
531 1319 621 1378 maius
645 1317 714 1377 dare
735 1315 849 1375 numina
871 1311 1015 1394 possunt?

163 1396 245 1457 llaec
266 1406 361 1459 tamen
383 1401 515 1478 ignorat,
539 1401 608 1478 quid
630 1401 710 1460 sidus
731 1399 814 1459 triste
837 1399 962 1458 minetur

112 1481 253 1557 Saturni,
278 1495 336 1562 quo
358 1483 437 1545 laeta
455 1483 556 1544 Venus
579 1501 612 1544 se
634 1483 766 1563 proferat
787 1491 879 1557 astra,
1061 1493 1113 1549 570

113 1563 178 1637 Qui
199 1567 307 1623 mensis
332 1565 458 1642 damnis,
482 1585 556 1644 quae
580 1567 683 1627 dentur
703 1576 837 1645 tmnpora
859 1565 957 1631 11101ος

111 1645 203 1706 Illius
227 1661 369 1707 occursus
394 1651 479 1709 etlam
500 1650 594 1710 vitare
617 1659 773 1724 memento,

113 1729 154 1788 In
177 1731 260 1789 cuius
282 1728 412 1792 manibus
435 1749 490 1793 ceu
512 1735 630 1812 pinguia
653 1735 771 1794 succina
792 1733 875 1792 tritas

114 1810 225 1872 Cernis
247 1814 468 1893 ephemeridas,
493 1831 567 1896 quae
591 1817 700 1878 nulium
723 1815 848 1878 nonnulii
872 1824 901 1874 ei
918 1819 978 1878 'iam

115 1894 304 1974 Consuliiur,
332 1915 406 1978 quae
429 1908 524 1962 casim
546 1903 610 1962 viro
632 1903 813 1982 patriamque
837 1907 956 1978 petente
1058 1911 1109 1968 575

113 1979 185 2040 Nou
206 1980 259 2042 ibit
282 1985 409 2061 pariter,
436 1986 563 2046 numeris
585 1993 725 2046 revocata
748 1983 904 2060 Thrasylli.

113 2063 165 2124 Ad
188 2067 310 2143 primum
331 2067 458 2146 lapidem
478 2071 591 2136 vectari
613 2087 698 2149 quum
720 2069 836 2148 planet,
860 2066 934 2130 hora
975 2085 976 2090 ’

114 2149 245 2209 Sumiiur
270 2168 309 2210 ex
328 2151 420 2221 libro;
443 2153 470 2212 si
492 2155 584 2233 puerit
603 2155 705 2214 iricius
728 2150 819 2213 ocelli

113 2232 267 2310 Angelus,
289 2235 423 2313 inspectu
443 2239 548 2313 genesi
571 2236 694 2312 collyria
714 2239 821 2315 poscit.

114 2316 218 2394 Aegra
238 2316 309 2378 licei
332 2320 442 2395 iaceat,
471 2321 615 2397 capiendo
636 2319 714 2379 nullu
735 2320 851 2379 videtur
1058 2327 1110 2384 550

113 2400 224 2479 Aptior
249 2399 321 2461 bora
346 2400 428 2477 cibo,
452 2403 508 2460 uisi
530 2417 615 2480 quam
639 2401 754 2461 dederit
778 2401 928 2460 Petosiris.

114 2483 148 2544 si
169 2482 329 2544 mediocris
352 2484 424 2560 erit,
447 2485 571 2564 spatium
593 2483 726 2546 lustrabit
743 2485 890 2562 utrimque

100 2565 258 2628 ‘liciarum
281 2577 311 2627 ei
336 2576 431 2628 sortes
455 2569 542 2630 ducet
562 2569 749 2648 bonumque
770 2581 942 2648 manumque

114 2649 275 2712 Praebebit
293 2653 353 2713 inii
375 2652 509 2713 crebrum
531 2669 696 2733 poppysma
717 2653 841 2732 roganti.

114 2732 261 2795 Divitibus
286 2751 430 2814 responsa
453 2737 560 2799 dabunt
581 2737 679 2814 l‘bryx
701 2753 793 2817 augur
814 2745 844 2797 et
865 2735 963 2814 indus,
1058 2747 1109 2803 505

118 2814 286 2880 Conductns
311 2815 389 2880 dabit
412 2830 553 2882 astrorum
573 2823 729 2902 ‘mundique
751 2823 872 2901 peritus,

117 2900 214 2980 Atque
238 2901 343 2984 aliquis
365 2905 480 2982 senior,
505 2907 554 2984 qui
577 2905 696 2984 publiea
716 2906 833 2984 fulgura
853 2905 967 2964 condit:

117 2983 267 3046 Plebeium
286 2987 315 3046 in
338 2988 418 3048 circo
440 2989 566 3067 pesitum
587 2998 633 3050 esi
654 2999 683 3049 et
704 2990 733 3048 in
754 3001 865 3068 aggaro
889 2987 987 3047 iatum.

118 3066 200 3142 Quae
221 3069 305 3130 nudis
326 3071 444 3150 inopum
466 3073 593 3134 umaudii
614 3070 779 3134 nominibus
802 3083 919 3146 armum,

120 3149 252 3214 Consulit
274 3163 340 3215 ante
360 3155 435 3217 iales
458 3156 717 3237 delphinorumque
738 3157 900 3230 columnas,
1055 3161 1107 3220 510

119 3235 164 3296 An
185 3254 256 3316 saga
279 3239 415 3300 vendenti
438 3240 542 3319 nnbat,
566 3255 699 3320 caupone
723 3240 842 3300 relicto.
925 3310 927 3314 ⁸

159 3319 221 3382 liae
243 3331 340 3384 tamen
363 3332 392 3382 et
413 3334 512 3402 pamm
537 3322 661 3386 subeunt
686 3322 841 3385 discrimen
864 3331 893 3382 et
915 3337 1015 3382 omnes

120 3401 247 3465 Nutricis
268 3406 396 3484 tolerunt
415 3408 529 3469 fortuna
550 3417 673 3488 urgente
695 3407 828 3472 labores:

121 3486 178 3548 Sed
200 3489 277 3551 iacet
297 3500 397 3552 aurato
422 3491 472 3551 vix
493 3491 551 3554 ulla
574 3506 721 3571 puerpera
744 3490 833 3552 lecim
