2552 4028
498 289 624 342 SATIRA
644 291 678 339 V.

96 433 215 511 Ostrea,
240 434 366 496 callebat
387 435 480 514 ptimo
503 431 687 510 deprendere
709 441 823 501 morsu;

95 517 132 580 Et
155 518 245 580 semel
269 521 381 599 aspecti
405 518 472 580 litas
494 513 610 576 dicebat
631 514 735 576 echini.

96 604 243 681 Surgitur,
267 610 296 664 ot
317 604 406 664 misso
427 615 570 682 proceres
590 600 672 660 exire
695 597 829 662 iubentur
996 647 998 651 .

96 684 246 764 Consilio,
269 704 343 767 quos
365 685 505 748 Albanam
529 684 587 749 dux
608 693 729 762 maguus
750 683 780 744 im
801 697 898 744 arcem
1029 693 1079 752 lit

94 768 236 832 Traxerat
258 773 393 832 attonitos
421 778 450 832 et
472 769 610 830 iestiuara
634 775 766 843 coaetos,

94 854 250 934 Tamquam
273 855 310 916 de
331 853 442 916 (ibatis
459 853 567 932 aliquid
588 853 738 930 torvisque
751 849 916 927 Sycambria

92 937 231 1000 Dicturus
255 948 399 1018 tamquam
420 946 449 998 et
471 937 594 998 dirersis
615 935 745 1015 partibus
765 934 844 996 orbis

93 1020 188 1084 Anxia
210 1025 363 1103 praecipiti
385 1025 515 1083 redisset
538 1019 663 1100 epistota
685 1021 781 1098 pirna.

135 1105 233 1186 Atque
256 1109 363 1169 utinam
384 1106 429 1167 his
452 1107 550 1186 potius
573 1105 657 1183 uagis
678 1109 739 1164 tota
761 1103 812 1164 iila
833 1101 964 1164 dedisset
1031 1109 1080 1169 lit

93 1187 240 1270 Tempora
261 1193 416 1268 saevitiae,
438 1189 534 1252 olaras
557 1189 661 1272 quitus
682 1185 800 1250 abstulit
823 1187 888 1248 urbi

93 1271 286 1354 Illustresque
307 1276 414 1337 animas
436 1276 551 1354 impune
574 1281 604 1335 et
623 1271 739 1334 vindice
762 1271 858 1332 mullo!

93 1358 153 1419 Sed
175 1360 279 1439 periit,
302 1367 455 1439 postquam
477 1357 653 1420 cerdonibus
677 1371 746 1418 esso
767 1355 909 1424 timendus

95 1438 260 1523 coeperat:
282 1438 340 1504 hoc
360 1443 459 1504 uoouit
482 1442 640 1504 Lamiarum
662 1441 755 1502 caede
779 1437 913 1501 madenti.

428 1789 452 1860 S
465 1791 497 1859 A
511 1783 539 1857 '1¹
553 1794 571 1858 Ι
584 1789 614 1858 R
629 1791 661 1858 A
696 1787 737 1858 V.

94 1890 133 1986 Si
155 1932 185 1986 te
207 1925 350 2006 propositi
372 1926 497 1988 noudum
518 1927 607 2006 pudet
629 1935 716 2005 atque
740 1923 841 1992 eadent
864 1931 909 1984 est
930 1940 1022 1999 mosa,

94 2011 131 2073 Ut
152 2008 230 2070 hona
252 2027 359 2072 summa
382 2019 467 2090 putes
489 2011 584 2074 alisna
604 2012 705 2075 vivere
727 2009 850 2089 quadra:

94 2097 126 2156 Si
147 2103 235 2174 potes
256 2093 307 2156 iila
330 2096 406 2174 pati,
429 2113 505 2175 quae
526 2113 583 2156 noo
603 2097 771 2160 sarmcutm
792 2094 906 2171 iniquae

95 2176 232 2240 Caesaris
253 2177 289 2240 ad
310 2191 442 2257 mantas,
465 2197 521 2240 noo
540 2179 607 2240 tilis
630 2177 730 2241 Gabba
750 2176 883 2243 tulisset:

96 2261 233 2338 Quamvis
255 2243 349 2322 furato
371 2272 496 2325 metuam
517 2263 569 2324 siti
591 2264 715 2326 eredere
737 2262 814 2324 tosti.
1065 2269 1082 2321 5

94 2345 205 2408 ventre
227 2345 297 2407 nihil
321 2349 389 2406 novi
411 2346 567 2424 frugalium
592 2347 651 2406 hoo
672 2355 769 2407 tamen
790 2346 883 2422 ipsum

95 2427 252 2493 Deieoisse
273 2436 358 2509 puta,
383 2429 461 2508 quod
484 2430 560 2490 irrasi
582 2429 689 2490 sufficit
713 2427 795 2490 alvo:

95 2511 181 2577 Nulla
202 2513 322 2591 crepido
344 2522 448 2591 vacat,
479 2529 619 2590 nusquam
640 2528 715 2590 pous
738 2520 767 2571 et
790 2509 896 2587 tegetis
920 2524 989 2587 para

95 2595 219 2660 Dimidia
241 2593 379 2658 brevior?
402 2597 510 2659 mutius
529 2597 630 2658 iniuria
653 2613 776 2664 coenae,

64 2743 67 2750 ,
97 2678 166 2743 Tam
187 2681 283 2742 ieiuna
304 2681 396 2742 famas
421 2695 507 2762 quam
529 2682 623 2760 possit
644 2680 795 2744 honestius
819 2677 882 2742 illio
1052 2687 1085 2742 10

96 2760 133 2826 Et
157 2775 284 2828 tremere
307 2774 339 2826 ot
359 2765 464 2828 sordes
486 2766 571 2827 isrris
593 2766 729 2827 mordere
752 2761 868 2828 osuini?

138 2849 233 2910 Primo
256 2849 315 2929 fige
337 2849 422 2927 loco,
445 2849 524 2929 quod
546 2857 574 2910 tu
597 2849 780 2912 discumbere
801 2850 897 2914 iussus

97 2927 263 2995 Mercedem
285 2933 406 2995 solidam
427 2942 561 2995 ueterum
583 2934 664 3013 capia
686 2933 858 2995 officiorum.

97 3010 219 3080 Fructus
240 3017 382 3080 amicitiae
406 3035 527 3098 maguae
548 3017 648 3087 cibum
679 3019 717 3078 im
738 3024 797 3077 utat
819 3014 895 3076 humo
911 3029 965 3074 retr

98 3094 135 3160 Et
156 3103 286 3182 quamuis
307 3117 403 3162 rarum
422 3110 518 3164 tamen
539 3103 667 3182 imputat.
711 3036 792 3180 Ergo
816 3098 889 3162 daca
911 3105 978 3176 posi
1051 3109 1084 3160 15

99 3182 129 3242 Si
150 3184 233 3246 libuit
255 3203 371 3248 meuses
389 3186 556 3267 neglectum
575 3184 715 3248 adhibere
738 3183 884 3258 eiieutem,

99 3262 196 3331 Tertia
219 3287 256 3331 ne
278 3287 372 3331 vacuo
397 3280 530 3333 cessaret
550 3270 658 3333 culcita
678 3268 772 3330 lecto:

98 3344 161 3412 Una
181 3353 287 3430 simus,
309 3355 357 3414 ait.
402 3353 543 3414 Votorum
564 3353 688 3414 summa!
713 3349 780 3430 quid
803 3348 877 3410 ultra

101 3429 244 3506 Quaeris?
272 3435 360 3498 habet
382 3435 521 3514 Trebius,
544 3445 667 3518 propter
688 3433 766 3513 quod
785 3443 922 3513 rumpere
942 3447 1071 3494 tomuum

99 3510 213 3582 liebeat
235 3529 264 3580 et
285 3520 391 3600 ligulas
413 3521 573 3598 dimittere,
596 3518 740 3582 sollicitus
765 3535 803 3580 aa
1049 3526 1086 3578 to
