2592 4022
465 261 591 310 SA'HRA
610 263 660 310 lx.
1022 255 1059 318 61

57 403 247 468 hlunimenta
268 408 373 480 togae,
398 399 460 459 duni
482 402 633 480 crassique
657 400 776 477 coloris,

57 489 104 550 Et
128 486 208 549 male
229 501 387 566 percussas
412 485 536 546 textoris
559 486 677 564 pectine
705 482 779 546 Galli
1025 499 1060 556 ap

60 573 258 652 Accipimus,
281 578 368 630 tenue
394 577 544 646 argentum
565 586 718 648 venaeque
740 569 899 633 secundae.

58 655 144 718 Fata
165 663 271 733 regunt
291 653 437 722 hominem
460 652 550 714 latum
572 663 618 714 est
639 662 669 714 et
689 653 819 732 partibus
840 654 909 731 illis,

60 739 153 814 Quas
175 740 254 798 sinus
275 737 436 798 abscondit.
474 735 562 813 Nam,
585 739 609 797 si
630 737 683 798 tibi
705 739 801 799 sidera
823 747 950 816 cessant,

58 821 115 884 ΝιῚ
140 822 232 883 faciet
256 821 337 900 longi
357 839 493 882 mensura
518 821 665 900 incognita
686 823 780 897 nervi,

60 906 211 981 Quamvis
234 915 263 967 te
288 907 393 967 nudum
417 907 558 985 spumanti
576 905 664 965 Virro
686 904 796 967 labello
1023 915 1058 972 35

57 991 184 1053 Viderit
210 998 240 1050 et
262 989 387 1051 blandae
409 990 526 1050 assidue
550 989 719 1069 densaeque
740 988 869 1050 tabellae

59 1074 252 1144 Sollicitent;
276 1065 364 1147 αὐτὸς
387 1064 446 1156 γὰρ
467 1071 618 1152 ἐφέλκεται
641 1067 900 1154 despondentes.

61 1158 157 1233 Quod
177 1167 274 1220 tamen
294 1157 416 1220 ulterius
437 1166 610 1234 monstmm,
633 1176 719 1239 quam
740 1158 836 1219 moll'u
858 1155 984 1220 auarus?

59 1241 152 1304 llaec
173 1241 273 1320 tribui,
296 1242 403 1303 deinde
424 1242 475 1304 illa
497 1242 580 1319 dedi,
605 1261 680 1304 mox·
694 1243 778 1322 plura
799 1241 905 1304 tulisti:
918 1278 962 1292 --

62 1323 227 1405 Computat
248 1344 283 1387 ac
307 1334 402 1387 cenet.
435 1324 561 1386 Ponatur
583 1325 731 1404 calculus,
754 1327 849 1388 adsint
1025 1337 1059 1390 lb

62 1407 143 1472 Cum
165 1408 265 1471 tabula
286 1411 385 1489 pueri:
406 1428 525 1471 numera
547 1413 683 1472 sestertia
704 1413 832 1491 quinque

63 1493 211 1554 Omnibus
234 1494 263 1553 in
282 1494 390 1571 rebus,
416 1502 602 1555 numerentur
622 1494 729 1556 deinde
755 1493 884 1555 labores.

63 1578 116 1638 An
137 1577 226 1639 lacile
250 1586 280 1638 et
300 1595 422 1658 pronum
445 1586 491 1639 est
512 1596 602 1655 agere
625 1580 699 1639 iutra
720 1579 838 1638 viscera
858 1595 964 1658 penem

61 1661 241 1739 Legitimum
264 1671 352 1742 atque
377 1661 438 1722 illio
459 1661 616 1722 besternae
638 1679 798 1723 occurrere
820 1659 953 1724 coenae?

63 1747 183 1806 Servus
207 1746 262 1806 erit
281 1745 373 1806 minus
396 1745 448 1808 ille
470 1747 576 1824 miser,
603 1746 652 1824 qui
676 1745 784 1807 foderit
803 1763 914 1823 agrum,
1022 1755 1056 1810 ta

65 1828 166 1905 Quam
188 1829 341 1891 dominum.
378 1829 438 1891 Sed
458 1838 489 1890 tn
512 1847 583 1890 sane
604 1838 736 1890 tenerum
759 1837 790 1889 et
810 1848 933 1909 puerum
954 1837 984 1891 te

63 1912 107 1974 Et
133 1913 284 1993 pulchrum
306 1922 335 1974 et
356 1914 472 1992 dignum
493 1914 599 1990 cyatho
624 1914 770 1994 coeloque
793 1913 930 1993 putabam

62 1997 133 2058 Vos
156 1996 254 2059 humili
276 1997 446 2074 asseculae,
468 2014 522 2059 uos
544 1998 731 2076 indulgebitis
753 2016 885 2078 umquam

66 2078 200 2159 Gultori,
224 2084 280 2143 iam
303 2101 360 2144 nec
380 2083 483 2144 morbo
507 2083 616 2145 donare
638 2079 753 2162 parati?

64 2164 114 2226 En
138 2167 185 2226 cui
205 2174 236 2226 tu
257 2167 379 2228 viridem
396 2166 567 2243 umbellam,
591 2168 637 2228 oui
659 2167 776 2228 succina
797 2166 892 2228 mittas
1023 2175 1056 2230 td

65 2247 211 2326 Grandia,
237 2250 341 2312 natalis
362 2252 478 2331 quoties
500 2252 576 2312 redit
598 2260 646 2312 aut
665 2251 809 2312 madidum
829 2267 884 2311 ver

63 2332 176 2411 Incipit
197 2341 227 2392 et
251 2342 339 2394 strata
361 2336 473 2412 positus
495 2334 642 2412 longaque
666 2333 804 2394 cathedra

64 2416 193 2478 blunera
213 2414 345 2478 femineis
368 2425 473 2477 mactat
495 2426 611 2478 secreta
634 2415 782 2477 kalendis!

64 2501 141 2577 Dic,
166 2517 286 2579 passer,
311 2501 358 2560 oui
376 2509 419 2560 tot
443 2510 572 2577 montes,
598 2508 642 2560 tot
661 2498 780 2579 praedia
803 2515 905 2560 servas

65 2583 203 2664 Appula,
227 2592 271 2644 tot
292 2583 396 2644 milvos
418 2584 491 2644 intra
514 2593 564 2645 tua
586 2600 695 2662 pasena
715 2578 834 2643 lassos?
1024 2592 1057 2648 oo

67 2667 114 2729 Te
142 2666 299 2729 Trifolinus
322 2686 394 2747 agen·
413 2667 545 2733 leouudis
567 2667 673 2729 vitibus
698 2666 810 2746 implet,

67 2753 306 2834 Suspectumqne
326 2753 423 2832 iugum
446 2751 545 2816 Gumis
567 2761 597 2814 et
616 2751 726 2814 Gaurus
750 2752 843 2814 inanis
864 2786 907 2801 -

67 2836 144 2897 Nam
166 2838 229 2916 quis
250 2836 335 2917 plum
357 2838 419 2899 linit
440 2839 554 2899 victuro
576 2837 655 2899 dolia
676 2834 794 2899 musto?
814 2869 857 2886 -·

70 2921 216 2995 Quantum
240 2930 303 2982 erat
324 2921 457 2983 exhausti
479 2921 593 2984 lumbos
614 2921 723 2984 donare
747 2920 861 2983 clientis

68 3003 225 3082 lugeribus
247 3005 363 3084 paucis!
387 3005 528 3066 meliusne
548 3005 597 3066 hio
618 3007 742 3067 rusticus
764 3005 858 3066 inians
1023 3013 1058 3067 60

72 3086 144 3148 Gum
166 3098 257 3150 matre
280 3098 311 3150 et
332 3089 439 3150 casulis
460 3098 491 3149 et
511 3089 668 3151 conlusore
691 3088 799 3151 entello

72 3169 212 3247 Cymbala
236 3172 379 3253 pulsantis
399 3174 528 3252 legatum
549 3174 601 3236 het
623 3171 727 3236 amici?

71 3254 226 3335 Improbus
253 3275 303 3334 es,
326 3275 413 3337 quum
437 3259 556 3336 poscis,
579 3259 628 3319 ait.
644 3287 687 3305 -ι
705 3254 766 3316 Sed
787 3253 890 3333 pensio
914 3252 1018 3316 clamat

72 3336 183 3410 Posoe;
206 3341 261 3402 aed
282 3341 414 3420 appellat
435 3359 510 3421 puer
530 3343 647 3419 unicus,
669 3350 700 3402 ut
719 3339 890 3418 Polyphemi

76 3420 143 3484 bata
165 3425 261 3503 acles,
284 3444 339 3505 per
360 3443 443 3505 quam
464 3425 571 3490 sollers
592 3426 685 3487 evasit
705 3424 818 3488 Ulixes.
1025 3433 1059 3490 lib

76 3506 159 3570 hlter
183 3510 322 3571 emendus
347 3512 417 3587 erit,
440 3529 562 3593 namquo
585 3511 633 3572 hic
654 3526 713 3571 non
733 3508 855 3586 suflicit,
880 3508 964 3570 ambo
