2552 4028
463 303 588 352 suumn
609 304 643 354 V.
1029 297 1068 361 27

77 439 245 504 llilrusl—
261 441 411 522 0nummi,
429 444 515 505 robis
526 445 601 505 lrune
618 454 748 523 praestat
770 447 931 526 honorems

76 527 140 587 Vos
165 528 236 587 estis
257 527 379 590 fratres!
414 528 544 588 dominus
566 537 662 588 tamen
684 537 714 588 et
735 528 841 592 domini
863 551 917 593 rex

78 612 110 672 Sl
134 611 178 671 vis
200 619 231 672 tn
257 611 336 688 lieri,
359 611 455 672 nullus
476 612 527 672 tihi
551 612 689 691 parvulus
711 613 777 675 anla

76 695 192 756 Luserit
217 693 335 756 Aeneas
360 711 416 756 nee
438 695 497 757 lllia
518 691 632 757 dulcior
653 696 722 758 illo:

75 778 235 841 Iucundum
259 789 289 841 et
311 797 407 840 earnm
429 780 539 842 sterilis
559 781 629 842 laoit
651 793 726 842 uuor
747 782 877 843 amioum.

77 864 137 925 Sed
161 871 209 924 tua
232 882 307 924 nuno
325 862 442 942 Mygale
464 866 558 944 pariat
579 863 650 925 lieet
673 875 702 926 et
724 883 833 946 pueros
855 876 916 928 tres

74 947 109 1009 In
133 949 275 1027 gremium
297 949 387 1028 patris
410 945 510 1010 lundat
532 950 632 1010 siml:
659 951 724 1029 ipss
747 950 865 1032 loquaol

76 1031 221 1093 Gaudebit
243 1032 327 1109 nido,
351 1031 471 1093 viridem
494 1033 614 1093 thoraca
637 1032 747 1094 iubebit

74 1116 185 1177 Alferri
207 1118 395 1196 minimasque
417 1135 508 1178 nuces
532 1134 688 1196 assemque
710 1128 854 1197 rogatum,

74 1197 123 1262 Ad
145 1219 272 1262 mensam
294 1203 408 1280 quoties
432 1203 576 1281 parasitus
598 1203 713 1262 venerit
734 1203 885 1264 inians.-

73 1284 192 1346 Vilibns
215 1287 356 1365 ancipites
377 1286 459 1364 fungi
480 1294 624 1365 ponentur
647 1288 756 1364 amieis,

73 1369 198 1430 Boletos
219 1371 351 1439 domium
376 1370 428 1430 sed
451 1371 553 1448 quales
577 1367 714 1431 Claudius
739 1371 799 1432 edit

73 1452 153 1513 Ante
175 1454 255 1516 illum
278 1456 394 1532 uxoris,
421 1463 489 1534 post
513 1472 598 1533 quern
618 1455 660 1514 nil
682 1455 805 1535 amplius
827 1456 896 1517 odit.

71 1538 163 1598 Virro
185 1539 240 1598 sibi
263 1548 293 1599 et
314 1538 435 1618 reliquls
455 1538 628 1599 Virronibus
649 1538 700 1599 illa
721 1539 833 1612 iubebit

71 1623 164 1684 Poma
187 1622 266 1699 dari,
290 1639 411 1702 qnorum
432 1621 498 1681 solo
520 1623 650 1701 pascaris
674 1623 782 1692 odore;

73 1704 183 1781 Qualia
205 1715 365 1785 perpetuus
389 1704 551 1766 Phaeacum
575 1715 724 1766 autumnus
747 1706 885 1785 habebut,

72 1788 209 1851 Credere
233 1789 426 1869 quae'possls
442 1791 583 1869 subrepta
604 1790 754 1850 sororibus
775 1790 872 1852 Alrls:

72 1875 120 1935 'lu
143 1872 244 1934 scabie
266 1873 372 1935 lrueris
393 1873 476 1952 mali,
500 1875 578 1954 quod
595 1876 624 1936 in
646 1891 757 1953 aggere
780 1877 868 1951 rodit,

72 1959 133 2033 Qui
155 1958 264 2037 tegitur
282 1975 380 2038 parma
402 1963 431 2019 st
452 1959 539 2037 galea
560 1969 751 2039 metuensque
775 1959 888 2040 flagelli

71 2042 169 2104 Disoit
192 2041 228 2103 ab
246 2043 355 2103 hirsuta
380 2043 503 2104 iaculum
526 2051 666 2124 torquere
691 2045 816 2125 oapella.

71 2126 209 2188 Forsitan
229 2127 377 2208 impensae
398 2127 552 2189 Virronem
574 2145 700 2208 paruere
722 2127 848 2192 eredas?

72 2211 139 2273 lloo
162 2213 238 2289 agit,
264 2221 295 2272 nt
316 2211 432 2282 doleas;
457 2230 523 2272 narn
545 2231 620 2292 quae
643 2208 811 2292 oomoedia,
836 2213 938 2274 mimus

73 2294 147 2369 Quis
169 2295 273 2357 mellor
295 2295 430 2376 plorante
449 2295 540 2375 gula‘l
563 2313 636 2375 ergo
660 2301 755 2359 omnia
777 2299 857 2374 liunt,

72 2379 105 2441 Si
127 2381 240 2458 neseis,
269 2389 299 2440 ut
321 2395 377 2458 per
397 2379 533 2440 lacrimas
556 2380 707 2442 effundere
729 2382 817 2441 bllern

73 2461 198 2542 Cogeris
219 2476 385 2544 pressoque
408 2463 455 2523 ullu
478 2463 602 2524 stridere
623 2464 735 2524 molari.
1014 2471 1064 2527 160

72 2548 117 2608 'lu
140 2547 193 2609 tibi
213 2546 290 2609 liber
310 2547 398 2608 lroruo
422 2551 453 2607 et
472 2549 553 2625 regis
575 2550 697 2608 eonvira
719 2549 845 2610 rideris:

73 2630 198 2711 Captum
222 2641 252 2693 te
273 2631 375 2693 nidore
397 2648 468 2692 suae
491 2639 573 2711 putot
594 2631 645 2692 llle
668 2631 782 2695 culinae

71 2716 137 2776 Neo
159 2717 235 2777 mals
258 2718 417 2786 oonieetat;
466 2718 531 2798 quis
554 2718 837 2795 winemandus,
863 2717 994 2779 utillum

70 2797 120 2862 llis
142 2800 235 2878 ierat,
260 2799 415 2862 Etruscum
436 2816 529 2880 puero
552 2803 577 2862 sl
599 2804 721 2882 contigit
743 2819 842 2865 aurum

71 2884 130 2944 Vel
151 2883 244 2945 norlus
267 2894 376 2947 tanturn
399 2885 562 2964 attiguum
584 2887 621 2947 de
643 2901 774 2967 paupere
797 2886 884 2950 loro?
1013 2893 1063 2951 lot

71 2969 149 3050 Spes
172 2969 249 3030 bens
271 2969 413 3030 onerandi
433 2983 488 3028 vos
511 2969 634 3049 desipit:
660 2989 733 3032 ecoe
756 2973 834 3034 dabit
855 2973 911 3033 iarn

72 3053 225 3115 Semesum
248 3053 382 3134 leporem
404 3062 491 3132 atque
514 3053 624 3133 aliquid
647 3055 684 3116 de
708 3056 841 3119 elunllrus
861 3056 934 3138 aprl‚

71 3136 119 3198 Au
143 3155 197 3199 nos
222 3139 278 3200 iarn
302 3139 401 3200 venlst
422 3139 515 3198 minor
538 3137 639 3210 altilis3
661 3140 729 3202 inde
752 3149 855 3221 parato

70 3217 244 3302 lutsotoqus
265 3238 367 3285 omnes
387 3230 417 3283 et
436 3223 537 3284 stricto
560 3227 768 3303 penetrastis.

71 3305 126 3367 llle
148 3308 241 3387 saplt,
268 3307 436 3388 quitario
460 3307 568 3370 utitur:
607 3309 703 3370 omnia
723 3311 803 3371 ferre
1011 3309 1060 3369 1⁷0

73 3391 105 3449 Si
119 3399 217 3468 potes,
243 3401 272 3454 st
298 3391 409 3453 debes:
432 3390 602 3470 pulsandum
625 3394 738 3454 vertlos
759 3407 827 3454 raso

72 3473 231 3536 Praebebis
253 3477 428 3557 quaudoque
450 3483 537 3554 eaput
555 3491 612 3538 neo
635 3477 705 3538 dura
727 3478 842 3539 tlmebls

71 3555 178 3638 Flagra
201 3562 278 3640 pati,
302 3561 347 3623 liis
370 3557 465 3640 epulis
489 3565 517 3619 et
540 3561 592 3620 tall
615 3561 718 3640 diguus
741 3564 849 3626 amloo!
