2592 4022
487 272 611 320 tablith
632 273 679 320 XI.

101 413 289 492 Despiciam,
317 416 365 490 qul
387 413 457 486 seit,
485 420 591 490 quanto
617 410 768 473 sublimior
790 413 873 474 Atlas

103 496 243 557 Omnibus
268 497 296 555 in
316 493 406 570 Libya
430 497 467 555 sit
488 495 648 573 montibus,
668 495 715 557 hic
735 506 830 557 tamen
850 497 927 558 idem
985 509 988 520 ·

101 582 241 660 Ignoret,
268 588 402 659 quantum
424 579 532 640 ferrata
556 579 644 640 distet
669 580 705 640 ab
731 599 798 641 arca

102 663 258 726 saeculus.
290 661 315 722 E
342 663 427 722 coelo
451 662 603 724 deseendit
622 667 721 743 γνῶθι
745 661 876 742 σεαυτόν,

100 746 264 826 Figendum
288 755 317 806 et
341 749 461 806 memori
483 746 659 808 tractandum
684 757 825 828 pectore,
849 749 911 808 sive
969 763 974 774 ·

102 831 276 909 Coniugium
297 847 422 910 quaeras
443 830 492 890 vel
513 833 589 891 sacri
611 833 639 892 in
660 842 743 911 parte
765 841 883 892 senatus

99 916 181 978 Esse
203 913 293 984 velis;
319 931 414 992 neque
441 917 516 974 enim
538 915 656 976 loricam
678 918 775 996 poscit
798 914 922 976 Achillis

100 1000 270 1074 Thersites,
297 1000 408 1076 inqua
433 1015 467 1058 se
491 998 660 1060 traducebat
681 999 798 1074 Ulixesr

98 1084 268 1162 Ancipitem
293 1099 345 1140 seu
368 1091 398 1141 tu
424 1098 528 1160 magno
552 1082 715 1144 discrimine
739 1101 855 1144 causam

98 1168 264 1244 Protegere
287 1165 424 1243 allectas,
448 1174 477 1226 te
502 1167 639 1242 consule,
663 1167 709 1228 dic
730 1167 795 1244 tibi,
819 1168 867 1247 qui
889 1167 940 1243 sis,

100 1250 210 1310 Orator
230 1245 404 1325 vehemens,
429 1267 464 1310 an
486 1247 600 1310 Curtius
624 1260 653 1310 et
678 1251 774 1312 blatho
800 1252 921 1312 buccae.

98 1333 258 1394 Noscenda
283 1342 327 1393 est
351 1351 484 1393 mensura
505 1336 550 1393 sui
572 1336 788 1414 spectandaque
811 1334 900 1394 rebus

99 1417 134 1478 In
157 1417 272 1478 summis
294 1417 490 1496 minimisque,
513 1420 597 1478 etiam
618 1437 704 1497 quum
727 1421 816 1496 piscis
841 1428 964 1488 emetur;

98 1501 146 1562 Ne
171 1500 287 1561 mullum
310 1500 426 1579 cupias,
451 1503 595 1578 quamsit
619 1502 671 1560 tibi
694 1502 784 1578 gobio
807 1510 912 1562 tantum

98 1585 134 1646 Iu
160 1583 274 1646 loculis.
313 1582 384 1656 Quis
408 1586 483 1643 euim
506 1593 535 1643 te
558 1584 713 1645 deficiente
737 1603 871 1645 crumena

99 1668 140 1729 Et
164 1676 317 1728 crescente
341 1667 409 1746 gula
431 1677 527 1727 manet
551 1669 662 1744 exitus,
691 1685 760 1728 aere
783 1677 905 1747 paterno

99 1752 149 1812 hc
170 1751 259 1812 rebus
280 1753 384 1810 mersis
406 1752 435 1810 in
458 1761 604 1827 ventrem,
628 1752 739 1812 ienoris
761 1761 847 1831 atque

99 1837 226 1914 Argenti
248 1837 346 1914 gravis
369 1844 398 1895 et
420 1852 559 1914 pecorum
581 1853 775 1914 agrorumque
799 1833 957 1914 capacem?

100 1919 222 1980 Talibus
247 1937 263 1980 a
290 1919 410 1979 dominis
435 1928 502 1997 post
530 1930 632 1980 cuncta
656 1921 829 1980 nouissimus
851 1922 910 1980 exit

100 2003 248 2079 Annulus,
273 2012 302 2063 et
324 2003 414 2080 digito
436 2003 580 2064 mendicat
604 2003 697 2064 Pollio
725 2003 810 2065 nudo.

98 2086 167 2148 Non
191 2089 365 2167 praematuri
390 2089 504 2148 cineres
526 2105 582 2147 nee
606 2087 690 2148 lunus'
713 2088 850 2148 acerbum

98 2170 259 2247 Luxuriae,
283 2171 336 2230 sed
360 2179 452 2230 morte
475 2172 566 2248 magis
587 2171 739 2232 metuenda
764 2181 908 2231 senectus.

98 2253 136 2314 Hi
162 2255 331 2332 plerumque
354 2253 474 2329 gradus:
502 2255 643 2314 eonducta
665 2257 789 2334 pecunia
809 2255 919 2314 Romae

99 2336 140 2398 Et
164 2343 262 2396 cor‘am
286 2336 406 2394 dominis
429 2338 618 2405 consumitur:
646 2339 713 2397 inde
734 2338 783 2397 ubi
805 2339 920 2414 paulum

99 2419 211 2480 Nescio
236 2417 303 2500 quid
328 2428 462 2497 superest
484 2427 513 2478 et
533 2419 624 2496 pallet
645 2421 754 2480 fenoris
777 2428 888 2495 auctor,

102 2504 159 2576 Qui
183 2514 304 2563 vertere
330 2501 440 2577 solum,
466 2503 550 2562 Baias
574 2512 604 2562 et
626 2503 662 2564 ad
683 2512 781 2563 ostrea
805 2511 929 2562 currunt.

102 2586 219 2648 Cedere
239 2604 362 2666 namque
389 2585 454 2645 loro
479 2587 535 2646 iam
556 2603 612 2646 non
640 2596 685 2647 eet
707 2587 844 2646 deterius
859 2603 942 2664 quam
1049 2607 1052 2613 ·

101 2671 249 2750 Esquilias
277 2690 293 2731 a
318 2671 444 2731 lerventi
465 2672 591 2748 migrare
616 2672 739 2733 Subura.

100 2754 156 2815 llle
182 2755 267 2816 dolor
291 2755 371 2815 solus
395 2756 515 2835 patriam
536 2756 727 2834 lugientibus,
755 2755 803 2817 illa

101 2837 248 2899 blaestitia
270 2848 332 2914 est,
358 2840 487 2898 caruisse
511 2856 586 2899 anno
610 2840 788 2902 circensibus
811 2857 876 2900 uno.

102 2923 255 3000 Sanguinis
281 2923 310 2981 in
331 2921 407 2980 iaeie
428 2938 486 2981 non
507 2923 610 2984 haeret
633 2935 726 3002 gutta;
753 2935 899 2983 morantur

101 3006 189 3066 Pauci
214 3004 365 3066 ridiculum
399 3013 428 3064 et
466 3006 631 3084 lugientem,
650 3028 687 3068 ex
708 3007 779 3067 urbe
800 3008 951 3084 pudorem.

143 3089 306 3168 Experiere
328 3088 432 3165 bodie,
459 3091 593 3170 numquid
614 3091 808 3170 pulcherrima
830 3089 917 3164 dictu,

101 3174 237 3250 Persice,
263 3190 321 3232 non
341 3183 488 3252 praestem
512 3177 569 3235 vita
591 3176 639 3234 vel
662 3172 791 3233 moribus
816 3180 845 3231 et
866 3189 911 3247 re,

101 3256 160 3317 Sed
182 3257 299 3318 laudem
322 3257 443 3338 siliquas
463 3258 597 3319 occultus
618 3274 732 3336 ganeo,
756 3255 852 3334 pultes

102 3337 208 3401 Coram
233 3341 297 3402 aliis
323 3338 429 3402 dictem
453 3359 563 3420 puero,
588 3344 641 3402 sed
665 3344 785 3401 inaure
809 3337 970 3418 placentas.

100 3422 173 3484 Nam
195 3443 282 3505 quum
303 3426 343 3484 sie
366 3427 487 3485 conviva
510 3427 578 3487 mihi
600 3426 776 3504 promissus,
800 3421 924 3484 babebis

100 3506 281 3587 Evandrum,
305 3509 408 3568 venies
431 3507 595 3584 Tirynthius
619 3517 667 3569 aut
691 3507 784 3569 minor
804 3505 856 3567 illo
