2592 4022
466 236 591 284 sensns
613 237 647 300 x.

76 374 270 438 'l'sntnmdem
283 384 370 454 atque
393 375 435 435 illi
456 393 579 437 summas
603 359 711 438 donare*
738 376 864 456 curules,

77 461 166 524 lllnm
191 459 369 520 exercitibus
395 457 603 538 praeponere?
628 469 707 520 tutor
733 461 834 520 haberi

77 545 225 622 Principis
250 552 370 620 angusta
398 540 576 621 Caprearum
598 545 627 604 in
649 563 722 623 rupe
746 545 873 606 sedentis

80 627 155 688 Cum
180 645 275 705 grege
298 625 467 688 Chaldaeo?
494 629 539 686 vis
562 637 642 688 certe
666 629 741 706 pila,
767 629 916 706 cohortes,

79 712 230 790 Egregios
257 713 370 789 equites
396 720 425 770 et
448 721 543 772 castra
569 709 749 774 domestica?
775 713 872 792 quidni
961 775 964 782 ,
1012 725 1069 789 Ι95

79 795 164 855 flacc
187 792 307 873 cupias?
331 805 359 856 et
382 797 430 873 qni
452 795 552 858 nolunt
573 797 711 857 occidere
734 815 917 877 quemqnam,

79 881 176 942 Posse
198 879 308 938 volunt.
345 879 404 939 Sed
427 897 502 958 quae
519 881 677 960 ¹praeclara
702 891 741 946 et
755 897 898 960 prospera
920 883 999 958 tanti,
1052 955 1054 960 Ι

80 963 118 1025 Ut
140 963 231 1024 rebus
252 962 336 1022 laetis
362 981 415 1040 par
436 965 474 1024 sit
500 981 632 1025 mensura
655 963 817 1026 malorum?
829 1012 831 1014 -

79 1048 189 1123 Huius,
214 1048 262 1126 qui
285 1047 423 1123 trahitur,
448 1056 628 1126 praetextam
651 1067 766 1109 sumere
791 1053 891 1126 mavis,

81 1133 128 1192 An
150 1129 321 1190 Fidenarum
343 1129 556 1210 Gabiorumque
579 1151 646 1192 esse
674 1142 805 1211 potestas
883 1161 886 1168 ¹
986 1203 989 1211 Δ
1021 1145 1071 1198 too

81 1217 120 1276 Et
143 1215 179 1275 de
202 1232 335 1275 mensura
358 1217 401 1276 ius
424 1216 539 1294 dicere,
562 1234 631 1276 vasa
654 1219 763 1278 minora

81 1300 233 1378 Frangere
256 1316 401 1377 pannosus
427 1302 527 1361 vacuis
551 1301 654 1362 aedilis
676 1299 814 1362 Ulubris?

82 1383 163 1462 Ergo
188 1383 256 1462 qnid
281 1384 437 1462 optandum
461 1379 555 1460 foret,
585 1387 738 1463 ignorasse
764 1384 865 1446 lateris

83 1469 234 1534 Seianum;
259 1469 394 1546 namqui
419 1469 522 1528 nimios
544 1468 663 1546 optabat
688 1469 815 1528 honores

83 1551 121 1612 Et
144 1551 245 1610 nimias
267 1552 409 1629 poscebat
432 1546 521 1630 opes,
549 1569 702 1612 numerosa
727 1551 847 1631 parabat

83 1635 232 1695 Excelsae
257 1637 344 1694 turris
368 1635 511 1711 tabulata,
535 1637 610 1695 unde
634 1636 720 1696 altior
742 1646 823 1697 esset

86 1718 180 1780 Casus
205 1727 233 1776 et
258 1719 400 1797 impnlsae
424 1737 570 1798 praeceps
593 1721 714 1780 immane
737 1721 847 1781 ruinae.

86 1802 161 1876 Quid
185 1799 325 1877 Crassos,
350 1803 417 1881 quid
444 1803 600 1882 Pompeios
627 1801 753 1880 evertit,
776 1814 806 1864 et
829 1803 919 1882 illum,

84 1885 204 1970 Adflsoa
229 1887 278 1964 qui
302 1886 426 1948 domitos
450 1885 568 1946 dedur'rit
591 1888 681 1964 flagra
705 1885 855 1960 Quirites?

84 1971 215 2030 Summus
239 1988 344 2048 nempe
372 1970 455 2030 locus
482 1971 558 2031 nnlla
583 1990 640 2032 non
667 1980 730 2035 arte
752 1974 870 2050 petitus,
929 2001 932 2007 ·

85 2052 246 2131 ldagnaqoe
270 2054 429 2114 numinibus
452 2063 520 2114 vota
543 2055 678 2116 exaudita
701 2056 843 2133 malignis.
956 2111 960 2116 .

85 2137 294 2214 bigenerum
321 2136 438 2199 Cereris
463 2141 526 2198 sinc
551 2141 642 2202 caede
668 2158 702 2200 ac
723 2141 844 2204 vulnere
864 2143 955 2220 pauci

85 2221 272 2281 Descendunt
294 2240 384 2300 reges
409 2232 438 2282 ot
461 2224 540 2283 sicca
565 2233 660 2284 morte
682 2227 804 2299 tyranni.

127 2303 281 2384 Eloquium
300 2324 336 2365 ac
355 2307 457 2366 lamam
481 2306 688 2366 Demosthenis
713 2317 761 2369 aut
786 2307 937 2378 Ciceronis

85 2389 189 2467 lneipit
212 2400 316 2468 optare
339 2399 368 2449 et
392 2390 461 2448 totis
477 2389 706 2468 Quinquatribus
729 2400 820 2469 optat,

86 2473 223 2551 Quisquis
250 2473 344 2534 adhuc
369 2490 425 2532 uno
448 2481 565 2550 parcam
589 2472 659 2533 colit
686 2492 753 2534 asse
776 2473 943 2551 Minervam,

86 2554 177 2631 Quem
204 2559 335 2636 sequitur
357 2565 456 2617 custos
481 2565 621 2634 angustae
644 2558 765 2618 vernula
793 2575 910 2636 capsae.

86 2639 211 2718 Eloqoio
236 2640 290 2700 sed
312 2650 434 2720 uterque
459 2642 534 2719 perit
556 2651 669 2710 orator;
695 2652 845 2720 utrumque

85 2723 195 2800 Largus
220 2734 250 2784 et
275 2726 423 2786 exundans
443 2725 502 2786 leto
526 2725 605 2785 dedit
630 2726 738 2804 ingenii
761 2727 837 2786 lons.
975 2801 977 2805 Ι

85 2806 204 2882 Ingenio
229 2826 326 2868 manns
352 2819 397 2869 est
423 2819 452 2869 et
475 2811 576 2869 cervix
597 2828 699 2883 caesa;
727 2829 782 2871 nec
806 2827 936 2888 umquam

87 2891 234 2966 Sanguine
261 2892 398 2950 causidici
423 2892 592 2952 maduerunt
614 2904 710 2955 rostra
734 2895 843 2974 pusilli.

87 2973 111 3034 0
134 2973 307 3034 fortunatam
329 2983 423 3034 natam
447 2993 492 3034 me
519 2977 639 3036 consule
665 2977 785 3044 Romam
807 3013 849 3022 —-

87 3060 194 3119 Antoni
216 3057 331 3136 gladios
354 3059 446 3136 potuit
469 3068 670 3138 contemnere,
694 3064 719 3122 si
742 3064 786 3122 sic

87 3143 185 3203 Omnia
210 3143 341 3203 dixisset.
381 3141 511 3204 Ridenda
535 3155 669 3221 poemata
691 3146 778 3222 malo,

88 3227 178 3300 Quam
200 3236 230 3286 te
253 3227 445 3304 conspicuae,
469 3226 563 3287 divina
584 3226 762 3308 Philippica,
786 3229 892 3303 lamae,
1023 3237 1071 3290 12⁵

87 3309 223 3371 Volveris
247 3329 264 3371 a
288 3312 378 3389 prima
401 3330 476 3391 qnae
500 3313 641 3391 proxima.
679 3315 791 3374 Saevos
814 3321 843 3370 et
866 3310 946 3371 illnm

88 3393 187 3454 Exitus
211 3396 333 3474 eripuit,
359 3413 444 3473 quern
471 3395 644 3456 mirabantur
669 3397 803 3457 Athenae

89 3476 257 3539 Torrentem
283 3487 312 3539 et
337 3478 415 3558 pleni
438 3479 634 3540 moderantem
657 3482 738 3541 irena
762 3481 881 3624 theatrig
892 3560 907 3598 *
