2552 4028
216 233 242 283 Χ
606 228 816 278 Pmnduto.

216 380 276 439 ndis
285 378 392 450 privatae
400 375 573 448 indignationis
586 388 673 432 vocem
686 387 743 430 com
758 374 856 445 publica
871 374 1008 432 monum
1025 373 1203 445 depravationis

214 461 386 521 tmtidoationc
396 459 499 516 feliciter
507 459 633 516 moirmnit
647 471 790 530 summaque
800 457 951 516 tremebundi
961 457 1011 516 oris
1021 457 1134 516 libertate
1144 473 1204 516 oum

214 546 377 621 praesepium
392 545 519 601 marinum
535 543 667 600 reuerentia
682 541 813 614 prudenter
830 542 906 600 mixta
921 549 947 600 ct
958 541 1006 600 sihi
1025 548 1051 600 ot
1066 542 1157 614 populo
1169 542 1203 598 ita

214 625 1203 704 nmeut,utpsomedisoemodiooqsidsomoinrioqoddqnooooaoon·

215 710 1087 786 monocentomomuqoosrequmtiectmmceenondimtte.
1116 709 1205 783 Neque

199 829 203 838 ·
215 808 297 856 umen
312 799 365 870 ipse
373 797 423 854 hoo
438 798 589 853 insuceosm
605 795 724 868 acqrriorit
739 809 825 869 oeqoo,
835 795 894 852 dum
904 795 1003 852 menm-
1012 809 1093 852 moros
1103 796 1204 866 carpsit

217 899 264 942 suo
277 890 372 940 tanturm
379 883 480 956 ingenio
489 880 596 944 indulsi,
606 881 649 937 sed
660 886 788 952 postquam
798 880 822 938 iu
832 879 952 952 prioribus
961 893 1050 938 nouom
1058 878 1139 936 satiris
1149 879 1205 950 pbi-

217 966 345 1040 losopbiae
354 968 395 1022 ria
405 967 479 1024 ullam
489 972 531 1021 aut
541 965 652 1022 notitiam
662 969 705 1020 aot
713 971 851 1036 respectum
859 963 979 1035 prodidit,
989 963 1037 1022 soli
1045 963 1164 1035 denique,
1176 969 1205 1020 ut

214 1053 251 1109 ita
262 1051 354 1114 honor.
372 1055 485 1105 exterae
500 1048 595 1104 venuti
609 1049 717 1106 iutentm
731 1048 902 1105 verecondiam
913 1055 939 1104 et
948 1047 1080 1118 pudorem,
1096 1047 1205 1104 internae

214 1132 526 1206 decimumnonum
541 1147 591 1187 non
606 1130 765 1187 lacsitminus
781 1146 854 1203 quam
870 1131 992 1196 dolmdit,
1012 1131 1131 1188 adecima
1147 1131 1205 1188 inde

215 1219 289 1290 plane
299 1223 407 1272 munins
423 1231 473 1272 uon
483 1214 673 1288 indignationem
688 1220 783 1272 tantum
801 1214 1037 1287 reprehendendiquo
1047 1215 1205 1274 acerbitatem

214 1302 260 1358 sed
271 1301 415 1372 sapientiam
431 1299 504 1356 simul
514 1307 586 1372 atque
594 1298 729 1356 honestatis
743 1299 852 1356 studium
861 1313 919 1370 prae
935 1314 965 1358 se
980 1300 1027 1356 lert
1037 1306 1114 1372 utque
1122 1301 1205 1356 minus

214 1385 262 1443 sibi
272 1385 298 1441 in
308 1385 438 1441 uerborum
448 1384 542 1440 lusibus
556 1383 720 1456 irr'siouisquc
731 1383 822 1440 aeneis
837 1383 930 1455 placet,
948 1384 982 1440 ita
993 1383 1160 1456 castigationis
1170 1385 1205 1440 ri·

214 1483 302 1544 gorem
313 1469 475 1540 persuasionis
484 1475 510 1524 et
519 1468 643 1525 doctrinae
652 1473 842 1540 temperamento
859 1468 1011 1532 moderatur:
1028 1483 1076 1540 quo
1086 1468 1111 1524 in
1122 1468 1204 1526 studio

214 1554 260 1610 etsi
269 1552 327 1610 hinc
337 1553 393 1610 iorle
401 1569 447 1626 pro
456 1553 558 1625 pristino
575 1553 665 1624 poetici
681 1552 780 1624 spirius
796 1552 882 1608 ardore
897 1552 936 1608 vel
946 1551 1116 1608 scholasticam
1125 1550 1204 1610 Stoici

214 1639 359 1712 mitatem
369 1638 441 1695 ollert
450 1639 564 1711 ipsosque
573 1636 684 1694 acerrimi
692 1637 785 1710 ingenii
800 1651 886 1694 sensus
895 1642 1020 1708 umquam
1037 1637 1149 1709 magistri
1159 1637 1203 1694 ali·

213 1724 284 1780 onius
293 1723 383 1780 dictata
393 1724 491 1795 perfert,
504 1722 575 1779 iaeilo
584 1728 665 1778 tamen
676 1723 826 1795 ignoscimus
834 1722 888 1778 seni
897 1728 996 1777 strenuo
1007 1728 1033 1776 ot
1043 1721 1147 1785 amabili
1160 1737 1204 1793 qru

212 1807 270 1862 licet
282 1813 385 1862 acum
402 1808 470 1879 quasi
487 1807 574 1863 bacuh
592 1808 668 1874 leuet,
681 1814 754 1877 caput
769 1812 849 1862 tamon
861 1820 992 1877 numquam
1003 1804 1109 1862 demittit
1124 1819 1205 1877 nequo

213 1889 297 1962 magui
309 1891 358 1946 oris
375 1891 469 1946 sonitus
480 1889 608 1960 comprimi
625 1891 731 1960 patitur,
748 1891 791 1947 sed
807 1892 844 1947 uel
864 1888 1036 1961 octogenarius
1053 1889 1079 1945 iu
1095 1890 1203 1948 adamas

212 1973 398 2046 superstitiones
413 1973 645 2046 peregrinorumque
661 1973 808 2046 religionum
823 1973 963 2030 foeditatem
976 1973 1061 2030 eadem
1078 1973 1204 2030 iracundia

213 2057 351 2124 invehitur,
369 2073 416 2132 qua
427 2058 485 2114 olim
497 2058 648 2129 popularium
667 2058 801 2126 luxuriam,
812 2059 949 2126 vamumm
964 2058 1089 2115 apamiam
1100 2059 1203 2114 counit.

215 2141 326 2214 Namque
336 2149 457 2217 exuemus
467 2142 552 2198 satiras
562 2142 610 2198 iam
621 2142 740 2199 Hadriano
753 2142 886 2214 imperante
896 2142 999 2214 scriptas
1009 2157 1071 2210 esso,
1083 2157 1132 2198 oon
1145 2141 1203 2198 lun-

213 2241 259 2282 cns
269 2232 363 2282 notum
374 2226 472 2292 consul,
485 2241 557 2300 quem
573 2227 685 2298 superius
699 2228 901 2295 memoravimus,
919 2227 963 2282 sed
975 2225 1090 2284 Fonteius
1106 2242 1202 2298 quoquo

212 2311 313 2383 arguit,
332 2312 401 2368 cuim
411 2311 581 2386 magistratum
591 2327 666 2384 quum
677 2309 728 2369 Sat.
741 2311 808 2368 lllll.
820 2315 854 2373 l‘l
872 2311 1001 2383 sexaginta
1018 2325 1136 2366 aunomrm
1146 2325 1202 2381 spa-

212 2395 250 2452 tio
262 2410 276 2452 a
286 2410 331 2451 sua
346 2402 425 2452 aetate
434 2396 583 2470 dimioguat,
598 2396 649 2452 sivo
666 2412 689 2453 a.
701 2400 736 2455 59
749 2396 874 2454 comulem
890 2395 1051 2459 intellexeris,
1064 2396 1093 2453 ad
1106 2409 1128 2452 a.
1142 2398 1201 2460 119,

212 2480 265 2536 sive
284 2495 340 2536 cum
351 2481 485 2554 Borghesio
497 2497 566 2551 eum,
583 2481 703 2555 quiebi
720 2497 776 2538 cum
788 2481 817 2538 C.
829 2481 889 2537 lulio
902 2479 967 2536 liudo
979 2479 1130 2534 consulatum
1144 2492 1203 2548 ges-

213 2565 262 2632 sit,
283 2564 403 2636 adipsum
413 2566 480 2622 luoci
492 2581 582 2622 anuum
600 2569 649 2623 ini
667 2581 693 2634 p.
705 2566 763 2620 Chr.
781 2565 909 2625 demeris,
927 2561 991 2616 unde
1005 2560 1114 2630 wtum
1134 2568 1203 2617 certo

213 2647 311 2710 librom.
322 2649 363 2718 qui
373 2650 458 2704 salbas
468 2649 563 2704 tertiam
570 2649 688 2703 docmram
695 2653 720 2701 et
730 2653 859 2717 sequonm
864 2641 1053 2714 comprehendit
1066 2643 1096 2698 ad
1102 2642 1202 2702 lladria·

212 2729 238 2784 ni
251 2735 360 2799 tempora
372 2732 492 2802 pertinere
504 2745 603 2786 normes
611 2741 658 2786 esc.
670 2729 707 2784 lic
718 2729 865 2800 soloquarto
877 2728 995 2785 librosive
1007 2727 1086 2784 satiris
1097 2727 1200 2796 decima,

210 2812 354 2883 undecima,
368 2815 518 2883 duodecime,
530 2829 591 2886 quae
601 2813 716 2885 peculiari
729 2814 846 2884 temporis
856 2820 913 2870 nota
925 2818 1019 2877 carent,
1034 2827 1123 2883 anceps
1138 2811 1202 2869 iudi-

212 2897 280 2952 cium
290 2904 335 2964 est,
347 2899 393 2954 nisi
401 2899 467 2972 quod
477 2899 570 2954 interna
580 2898 662 2954 indole
670 2905 696 2954 et
706 2898 772 2969 ipsae
780 2897 888 2970 quintam
895 2897 994 2969 propius
1001 2896 1200 2968 quamtrosprio-

210 2996 253 3037 res
264 2982 401 3055 attingrmt;
412 2997 458 3054 qua
470 2983 496 3039 in
506 2997 578 3038 causa
588 2981 629 3038 ille
640 2982 744 3038 maxime
754 2981 823 3038 locus
831 2981 1056 3040 animadvertendus
1065 2988 1116 3050 est,
1128 2995 1200 3053 quem

210 3064 547 3126 reminiscentem
555 3065 617 3123 lllV.
628 3071 680 3128 dle
691 3081 845 3122 communem
855 3067 935 3132 babet,
946 3066 968 3122 si
979 3066 1033 3138 quis
1046 3065 1108 3122 ahos
1119 3065 1199 3122 claris·

210 3148 276 3205 sime
291 3147 403 3207 Stoicum
420 3151 490 3206 illum
506 3150 636 3222 sapientiae
659 3152 752 3208 cultum
768 3150 898 3220 exhibens,
918 3165 990 3224 mam
1010 3149 1045 3208 iili
1063 3148 1200 3221 philosophi

211 3234 294 3289 omnis
303 3235 409 3291 numinis
425 3235 502 3291 instar
511 3234 827 3308 existimabantpraequeea
836 3252 885 3292 noo
896 3237 1008 3292 domoras
1018 3239 1113 3290 tantum
1119 3248 1199 3301 casus,

210 3316 257 3372 sed
269 3318 344 3375 etiam
354 3333 396 3375 eos
406 3318 465 3376 deos
474 3318 632 3392 spernebant,
644 3320 686 3393 qui
697 3335 772 3393 quum
782 3320 858 3394 vulgo
869 3335 950 3377 rerum
960 3317 1105 3374 unurelium
1116 3323 1200 3374 aucto-

211 3414 252 3456 res
263 3399 425 3471 haberentur,
438 3404 540 3460 iuveotis
550 3404 603 3460 aliis
613 3404 699 3461 barram
709 3405 787 3460 causis
797 3420 829 3460 no
840 3405 886 3478 ipsi
896 3403 994 3477 qrridem
1005 3401 1067 3458 ultra
1077 3402 1200 3474 lemtimas

209 3484 355 3544 cerimonias
371 3489 500 3546 uenerandi
520 3503 573 3545 esse
582 3488 736 3552 ridebantur:
755 3488 826 3546 huius
836 3489 913 3562 igitur
920 3485 1074 3560 mmm,
1095 3485 1164 3542 cuius
1173 3484 1200 3540 in

208 3567 373 3642 superioribas
382 3571 461 3632 sotiis
472 3588 603 3631 nonomen
618 3574 715 3648 quidem
725 3578 817 3644 exstat,
834 3573 978 3646 siaquarto
990 3569 1047 3626 inde
1057 3568 1119 3624 lihro
1130 3567 1200 3624 lure·
