2552 4028
211 245 302 296 xvm
600 238 809 288 ruendum.

211 387 371 460 disputatione
383 383 555 440 emendandum
572 388 624 449 eet,
641 389 669 438 ut
679 398 704 437 v.
717 387 765 453 75.
782 383 806 438 in
823 399 872 455 qun
888 390 947 442 tune
957 391 1057 455 uterque
1067 384 1197 458 vulpeum
1264 383 1265 442 i

210 471 338 529 reetienem
348 467 512 540 sequebamur.
523 467 571 522 iam
578 481 638 532 orum
648 458 730 526 Iahnio
745 466 853 524 tteroerii
863 469 983 526 medelam
992 468 1096 538 amplexi
1107 467 1198 540 unui-

208 562 287 616 urum
304 551 514 624 etTentyritarum
537 557 619 622 partos
634 557 812 620 permutemus,
834 567 959 624 aprumque
972 552 1027 608 iiius
1042 553 1197 610 crocodilum
1264 569 1265 576 ¹

209 639 327 701 uoluisse,
337 637 381 692 hns
392 634 556 706 perhorruisse
567 641 661 690 uertunt
671 635 717 697 sit,
729 634 825 694 illorum
836 636 917 706 potius
928 636 993 692 diem
1004 635 1093 711 iustum
1102 636 1134 691 ab
1145 637 1195 701 hir,

208 738 256 778 nun
274 722 360 776 bunun
382 719 412 774 ab
422 719 469 774 illie
483 718 605 774 urorum
620 733 699 791 neque
710 716 819 778 Ombitan
831 735 846 777 a
857 718 1043 792 Tentyritioned
1056 719 1196 792 Tentyritae

208 803 349 862 abOmbitin
359 804 456 876 fugatos
467 817 521 858 eoae
530 808 677 864 stainamus3
690 803 724 858 ita
733 803 872 858 vernetiam
882 803 1030 874 probabilior
1039 810 1127 873 poetae
1136 820 1194 860 nar·

206 890 268 946 ratio
279 888 373 953 exuret
385 902 431 958 qua
442 893 570 958 postquam
580 887 715 942 universam
722 887 896 959 Aegyptiarum
911 887 1057 959 religionum
1074 888 1195 944 insaniam

206 974 298 1032 noiant
309 973 347 1038 (u.
359 977 419 1030 1-
427 974 491 1040 26).
508 977 631 1030 cruentam
641 971 718 1026 rixam
738 985 768 1026 ex
779 971 869 1025 mutuis
885 972 1014 1028 earundem
1031 971 1094 1026 odiis
1109 973 1193 1028 oriun-

207 1059 262 1116 dam
272 1055 369 1126 exponit
380 1053 417 1121 (r.
427 1057 461 1113 nd
468 1055 580 1125 -76).
599 1055 669 1110 euim
679 1053 719 1110 hic
730 1055 809 1110 eritne
819 1054 906 1116 drerit.
918 1061 947 1110 ut
956 1054 1061 1122 vietnres
1070 1071 1147 1112 unum
1160 1073 1192 1114 ea

207 1141 282 1206 dotia,
298 1153 370 1211 quem
378 1138 459 1196 virum
471 1136 598 1208 cepissent
613 1137 724 1194 manuus
735 1137 943 1210 suindisoerptum
955 1139 1096 1196 devorarent
1107 1141 1144 1206 (v.
1154 1144 1189 1200 'ii

206 1227 301 1292 -92)
320 1237 395 1295 eaque
405 1221 535 1278 reiauiuuu
553 1221 664 1288 ederent,
683 1222 723 1278 oui
740 1221 818 1278 simiie
828 1222 869 1278 u'r
886 1224 991 1278 ferarum
1008 1224 1120 1295 gentium
1137 1238 1190 1280 mo

205 1307 280 1366 moria
297 1307 421 1362 diri-imis
437 1305 587 1376 temporibus
602 1311 686 1362 nosset
707 1306 743 1373 (r.
760 1308 930 1378 93—115).
946 1305 1121 1362 humanitatem
1131 1323 1190 1364 vern

205 1391 269 1465 prod
286 1391 366 1463 magia
381 1389 482 1447 violaret
498 1390 596 1446 inveniri
615 1391 674 1446 uilrii
693 1397 777 1461 puroet
799 1389 841 1457 (v.
854 1394 950 1450 ilii-2
963 1393 1043 1462 174).
1070 1390 1188 1448 Incertior

204 1475 401 1534 mmm
413 1475 484 1547 urigo
499 1481 548 1540 eet.
568 1476 691 1547 quamqui
710 1474 866 1545 exploderent
884 1473 1049 1546 luvenalioque
1064 1489 1119 1531 erre
1135 1477 1188 1532 nol·

203 1560 268 1624 lent.
286 1559 334 1614 iam
346 1558 473 1615 reinduta
484 1558 564 1622 norim
576 1559 676 1615 eaudenr
685 1565 767 1616 tamon
783 1557 951 1614 siinohontam
966 1575 1015 1616 nun
1027 1559 1163 1617 absolutam
1174 1576 1189 1616 a

203 1650 274 1716 pneta
284 1649 434 1712 statuuntur,
445 1658 477 1698 ne
487 1643 552 1700 iilius
561 1643 657 1716 quidem
667 1643 759 1715 ingenii
769 1642 879 1715 vestigiis
889 1643 1041 1700 rarereeoite
1051 1643 1080 1700 G.
1093 1643 1187 1698 ΗΘ·

204 1726 307 1784 bonmiu
318 1725 348 1784 N.
361 1726 444 1784 innui,
458 1732 525 1786 1841
535 1727 563 1783 t.
575 1727 680 1792 XXXII,
692 1743 717 1798 p.
728 1734 842 1798 150eqq.
853 1726 1028 1784 animaduertit,
1054 1727 1114 1799 ugit
1123 1728 1187 1784 euim

204 1810 234 1866 de
244 1810 378 1866 enmmndio
387 1811 449 1866 vitm
459 1811 582 1878 militaris,
597 1811 640 1866 sed
650 1812 683 1866 ita
693 1811 794 1867 utinter
803 1811 926 1868 simulatae
936 1811 1007 1869 huius
1025 1811 1187 1883 laudeuprae-

201 1977 383 2051 promebantur:
394 1977 459 2049 quod
467 1977 576 2049 nisipriu
589 1978 676 2034 meda
686 1979 833 2034 mentionem
839 1982 908 2038 aaa
917 1978 983 2034 aenis
988 1985 1075 2049 poetae
1084 1995 1187 2050 perenna

201 2065 330 2121 abhorrere
346 2061 480 2127 ouuuerit,
502 2077 580 2133 nmpue
595 2063 619 2118 in
635 2069 780 2133 argumento
803 2076 881 2134 neque
898 2063 922 2118 in
938 2063 1088 2134 singularum
1103 2078 1187 2121 rerum

200 2149 343 2204 undatione
353 2146 484 2218 quidqrmm
495 2146 612 2212 inveniet,
624 2146 688 2218 prod
699 2146 772 2200 sembi
786 2145 816 2201 ab
831 2147 882 2207 hoo
890 2147 998 2217 potuisse
1009 2155 1075 2205 reete
1085 2153 1167 2220 neget

284 2230 403 2286 iuvenalis
419 2229 505 2286 nauiter
515 2229 670 2301 sequentihus
686 2245 783 2302 proque
793 2229 882 2286 eeoulio
898 2231 1017 2301 plautinae
1028 2233 1117 2303 insigni
1127 2233 1186 2288 Αω-

202 2313 959 2386 ntantttnrretdnttesrinrnnioongnosctmm.pnixxv1u.4
972 2315 1011 2370 uei
1022 2317 1063 2388 qui
1080 2316 1185 2388 alioquin

201 2399 324 2456 mertum
338 2396 810 2465 «ammunitionem
824 2397 1181 2458 «emmeramum

200 2483 541 2557 mmmmm,
559 2483 627 2538 mdu
646 2483 876 2556 moeremproeur
890 2483 948 2540 duro
964 2483 1184 2556 inprofimdontie

200 2573 384 2629 mederum
400 2583 446 2623 nee
461 2568 482 2623 ui
498 2565 544 2622 hou
560 2569 625 2624 idem
642 2567 790 2636 turpitudine
807 2568 887 2636 purim
904 2575 1103 2639 argumeutnnrm
1121 2568 1184 2624 aiiici

200 2650 321 2722 signifieat
333 2661 416 2726 (primu
426 2649 568 2714 rimmo,
579 2665 628 2704 uon
639 2649 899 2720 iodioioliertunrtro),
913 2652 973 2708 alios
983 2653 1105 2717 wuneu'ue
1115 2652 1184 2708 irione

198 2735 313 2810 predum
332 2752 356 2790 ru
374 2750 404 2791 oo
415 2733 562 2791 desiderasse
578 2733 683 2790 ostendit
702 2733 882 2791 detrudamur.
894 2734 975 2796 itiner.
989 2735 1012 2792 .1.
1024 2740 1091 2799 604:
1108 2737 1183 2792 imme

159 2851 161 2856 ·
199 2820 306 2876 netaoiti
316 2821 412 2892 quidem
423 2817 527 2875 numium
539 2818 706 2874 auctoritatem
724 2819 833 2876 eruditur
842 2819 935 2892 fugisse
945 2819 1082 2876 Maurnbiue
1093 2821 1183 2893 arguit,

199 2902 754 2977 quisnnn.snip.1.ennetmansatiraererba
764 2903 948 2970 ammutiroaei,
961 2903 1183 2977 oupiutnriroitam-

199 3003 271 3062 qnam
281 2989 357 3060 uulgo
372 2995 430 3044 uum
440 2994 540 3058 rumpat
549 3005 556 3049 r
566 2994 642 3059 utque
652 2989 824 3060 grammatieoo
834 2988 937 3050 mittam.
949 2990 1021 3044 etiam
1032 2988 1112 3044 medio
1124 3003 1183 3044 aero

199 3087 274 3145 quum
290 3073 320 3128 air
338 3071 390 3127 aliis
405 3071 575 3142 scriptorium,
594 3071 660 3130 Beda
671 3072 818 3140 Venerabili,
836 3071 995 3142 iiutprandn,
1014 3073 1107 3128 adame
1124 3073 1183 3128 Bre-

198 3156 275 3211 mensi
280 3155 375 3225 paroim
386 3155 502 3220 laudatur,
514 3163 566 3212 tum
578 3172 591 3212 a
602 3157 690 3213 luanne
697 3156 866 3214 sarisberiensi
882 3155 915 3212 ita
926 3157 976 3212 iero
988 3164 1144 3224 memoratur,
1156 3164 1184 3214 ut

197 3238 302 3309 a‘urrpiiei
322 3238 393 3295 otiiei
408 3241 593 3315 nominerulgu
614 3249 700 3298 nutum
716 3242 791 3298 iirime
806 3239 979 3313 intelligamus.
1012 3240 1101 3296 Verum
1117 3242 1183 3298 enim

195 3336 256 3377 reru
267 3322 405 3380 insomnes
414 3341 463 3381 non
473 3324 887 3400 mquoqnaqueeundemrerbumm
894 3331 1003 3380 turonem
1013 3324 1112 3396 ieffl'ure,
1123 3341 1184 3398 prra-

197 3405 228 3462 Iio
244 3421 275 3462 ex
285 3415 373 3478 poetae
382 3411 492 3468 manilius
500 3411 642 3482 prodiisset,
660 3411 733 3466 eodm
747 3409 857 3480 vestigiis
875 3415 983 3470 oomtatr
999 3424 1061 3480 quae
1078 3408 1184 3464 dubitari

198 3505 248 3546 non
259 3492 340 3547 sinunt
352 3495 409 3565 quin
424 3496 497 3551 etiarn
513 3503 608 3567 praeter
624 3496 709 3552 soiitos
725 3492 875 3550 librariorum
892 3507 998 3556 errores.
1014 3508 1117 3565 quorum
1134 3493 1184 3548 iarn

196 3574 380 3646 pedmpeentnm
402 3580 558 3651 antiquissimi
574 3579 665 3636 oodieir
688 3579 853 3650 fragmentum
876 3576 939 3647 apud
955 3577 1019 3648 dmg.
1042 3575 1089 3632 Mai
1103 3575 1183 3634 ctare
