<?xml version="1.0" encoding="UTF-8"?>
<!DOCTYPE html PUBLIC "-//W3C//DTD XHTML 1.0 Transitional//EN"
    "http://www.w3.org/TR/xhtml1/DTD/xhtml1-transitional.dtd">
<html xmlns="http://www.w3.org/1999/xhtml" xml:lang="en" lang="en">
 <head>
  <title>
</title>
<meta http-equiv="Content-Type" content="text/html;charset=utf-8" />
  <meta name='ocr-system' content='tesseract 3.04.00' />
  <meta name='ocr-capabilities' content='ocr_page ocr_carea ocr_par ocr_line ocrx_word'/>
</head>
<body>
  <div class='ocr_page' id='page_1' title='image "./diuniiiuvenalis00sulpgoog_0048.png"; bbox 0 0 2552 4028; ppageno 0'>
   <div class='ocr_carea' id='block_1_1' title="bbox 497 265 681 313">
    <p class='ocr_par' dir='ltr' id='par_1_1' title="bbox 497 265 681 313">
     <span class='ocr_line' id='line_1_1' title="bbox 497 265 681 313; baseline 0 -1"><span class='ocrx_word' id='word_1_1' title='bbox 497 265 623 313; x_wconf 68' lang='lat' dir='ltr'><strong>anunm</strong></span> <span class='ocrx_word' id='word_1_2' title='bbox 644 267 681 313; x_wconf 91' lang='lat'><strong>11.</strong></span> 
     </span>
    </p>
   </div>
   <div class='ocr_carea' id='block_1_2' title="bbox 88 405 1085 3596">
    <p class='ocr_par' dir='ltr' id='par_1_2' title="bbox 88 405 1085 3596">
     <span class='ocr_line' id='line_1_2' title="bbox 89 405 757 481; baseline 0 -14"><span class='ocrx_word' id='word_1_3' title='bbox 89 405 241 481; x_wconf 79' lang='lat' dir='ltr'><strong>Libertas,</strong></span> <span class='ocrx_word' id='word_1_4' title='bbox 264 413 294 466; x_wconf 89' lang='lat' dir='ltr'><strong>et</strong></span> <span class='ocrx_word' id='word_1_5' title='bbox 315 405 394 465; x_wconf 88' lang='lat' dir='ltr'><strong>crine</strong></span> <span class='ocrx_word' id='word_1_6' title='bbox 417 420 510 465; x_wconf 84' lang='lat' dir='ltr'><strong>senex</strong></span> <span class='ocrx_word' id='word_1_7' title='bbox 528 406 668 466; x_wconf 85' lang='lat' dir='ltr'><strong>fanaticus</strong></span> <span class='ocrx_word' id='word_1_8' title='bbox 689 405 757 467; x_wconf 89' lang='lat' dir='ltr'><strong>albo</strong></span> 
     </span>
     <span class='ocr_line' id='line_1_3' title="bbox 90 488 902 569; baseline -0.005 -16"><span class='ocrx_word' id='word_1_9' title='bbox 90 491 247 553; x_wconf 79' lang='lat' dir='ltr'><strong>Sacrorum</strong></span> <span class='ocrx_word' id='word_1_10' title='bbox 269 491 403 565; x_wconf 81' lang='lat' dir='ltr'><strong>antistes,</strong></span> <span class='ocrx_word' id='word_1_11' title='bbox 424 507 519 549; x_wconf 87' lang='lat' dir='ltr'><strong>rarum</strong></span> <span class='ocrx_word' id='word_1_12' title='bbox 543 507 578 550; x_wconf 89' lang='lat' dir='ltr'><strong>ac</strong></span> <span class='ocrx_word' id='word_1_13' title='bbox 595 488 784 550; x_wconf 81' lang='lat' dir='ltr'><strong>memorabile</strong></span> <span class='ocrx_word' id='word_1_14' title='bbox 806 492 902 569; x_wconf 89' lang='lat' dir='ltr'><strong>magni</strong></span> 
     </span>
     <span class='ocr_line' id='line_1_4' title="bbox 91 573 861 654; baseline -0.004 -19"><span class='ocrx_word' id='word_1_15' title='bbox 91 573 218 636; x_wconf 84' lang='lat' dir='ltr'><strong>Guttnris</strong></span> <span class='ocrx_word' id='word_1_16' title='bbox 241 574 405 652; x_wconf 83' lang='lat' dir='ltr'><strong>exemplum</strong></span> <span class='ocrx_word' id='word_1_17' title='bbox 430 573 694 654; x_wconf 76' lang='lat' dir='ltr'><strong>conducendusque</strong></span> <span class='ocrx_word' id='word_1_18' title='bbox 714 574 861 651; x_wconf 88' lang='lat' dir='ltr'><strong>magister.</strong></span> 
     </span>
     <span class='ocr_line' id='line_1_5' title="bbox 91 655 1083 738; baseline 0.007 -20"><span class='ocrx_word' id='word_1_19' title='bbox 91 657 166 732; x_wconf 82' lang='lat' dir='ltr'><strong>Quid</strong></span> <span class='ocrx_word' id='word_1_20' title='bbox 181 666 276 718; x_wconf 90' lang='lat' dir='ltr'><strong>tamen</strong></span> <span class='ocrx_word' id='word_1_21' title='bbox 292 655 490 736; x_wconf 67' lang='lat' dir='ltr'><strong>exspectant,⁴</strong></span> <span class='ocrx_word' id='word_1_22' title='bbox 505 658 635 736; x_wconf 71' lang='lat' dir='ltr'><strong>Phrygio</strong></span> <span class='ocrx_word' id='word_1_23' title='bbox 649 675 722 738; x_wconf 78' lang='lat' dir='ltr'><strong>qum</strong></span> <span class='ocrx_word' id='word_1_24' title='bbox 739 667 853 736; x_wconf 88' lang='lat' dir='ltr'><strong>tempus</strong></span> <span class='ocrx_word' id='word_1_25' title='bbox 870 667 932 720; x_wconf 89' lang='lat' dir='ltr'><strong>erat</strong></span> <span class='ocrx_word' id='word_1_26' title='bbox 948 660 1003 720; x_wconf 93' lang='lat' dir='ltr'><strong>iam</strong></span> <span class='ocrx_word' id='word_1_27' title='bbox 1032 672 1083 724; x_wconf 80' lang='lat' dir='ltr'><strong>lib</strong></span> 
     </span>
     <span class='ocr_line' id='line_1_6' title="bbox 90 739 887 822; baseline 0 -20"><span class='ocrx_word' id='word_1_28' title='bbox 90 740 174 803; x_wconf 91' lang='lat' dir='ltr'><strong>blore</strong></span> <span class='ocrx_word' id='word_1_29' title='bbox 196 759 407 820; x_wconf 85' lang='lat' dir='ltr'><strong>supervacuam</strong></span> <span class='ocrx_word' id='word_1_30' title='bbox 428 743 529 802; x_wconf 88' lang='lat' dir='ltr'><strong>cultris</strong></span> <span class='ocrx_word' id='word_1_31' title='bbox 551 742 726 822; x_wconf 87' lang='lat' dir='ltr'><strong>abrumpere</strong></span> <span class='ocrx_word' id='word_1_32' title='bbox 749 739 887 802; x_wconf 87' lang='lat' dir='ltr'><strong>camemi</strong></span> 
     </span>
     <span class='ocr_line' id='line_1_7' title="bbox 91 823 855 903; baseline 0 -18"><span class='ocrx_word' id='word_1_33' title='bbox 91 824 309 903; x_wconf 77' lang='lat' dir='ltr'><strong>Quadringenta</strong></span> <span class='ocrx_word' id='word_1_34' title='bbox 332 825 411 890; x_wconf 88' lang='lat' dir='ltr'><strong>dedit</strong></span> <span class='ocrx_word' id='word_1_35' title='bbox 429 823 577 886; x_wconf 80' lang='lat' dir='ltr'><strong>Gracchus</strong></span> <span class='ocrx_word' id='word_1_36' title='bbox 602 826 736 886; x_wconf 88' lang='lat' dir='ltr'><strong>sestertia</strong></span> <span class='ocrx_word' id='word_1_37' title='bbox 758 826 855 886; x_wconf 92' lang='lat' dir='ltr'><strong>dotem</strong></span> 
     </span>
     <span class='ocr_line' id='line_1_8' title="bbox 91 908 812 986; baseline 0 -16"><span class='ocrx_word' id='word_1_38' title='bbox 91 908 256 986; x_wconf 79' lang='grc'><strong>(1011110111,</strong></span> <span class='ocrx_word' id='word_1_39' title='bbox 280 909 345 970; x_wconf 86' lang='lat' dir='ltr'><strong>sive</strong></span> <span class='ocrx_word' id='word_1_40' title='bbox 365 909 413 970; x_wconf 88' lang='lat' dir='ltr'><strong>bic</strong></span> <span class='ocrx_word' id='word_1_41' title='bbox 434 919 517 970; x_wconf 91' lang='lat' dir='ltr'><strong>recto</strong></span> <span class='ocrx_word' id='word_1_42' title='bbox 537 918 704 971; x_wconf 87' lang='lat' dir='ltr'><strong>cantaverat</strong></span> <span class='ocrx_word' id='word_1_43' title='bbox 725 927 812 970; x_wconf 88' lang='lat' dir='ltr'><strong>aere:</strong></span> 
     </span>
     <span class='ocr_line' id='line_1_9' title="bbox 91 993 818 1072; baseline -0.007 -15"><span class='ocrx_word' id='word_1_44' title='bbox 91 994 229 1072; x_wconf 86' lang='lat' dir='ltr'><strong>Signatae</strong></span> <span class='ocrx_word' id='word_1_45' title='bbox 251 993 388 1066; x_wconf 91' lang='lat' dir='ltr'><strong>tabulae;</strong></span> <span class='ocrx_word' id='word_1_46' title='bbox 412 993 518 1054; x_wconf 90' lang='lat' dir='ltr'><strong>dictum</strong></span> <span class='ocrx_word' id='word_1_47' title='bbox 540 993 693 1054; x_wconf 83' lang='lat' dir='ltr'><strong>Feliciter!</strong></span> <span class='ocrx_word' id='word_1_48' title='bbox 716 995 818 1072; x_wconf 88' lang='lat' dir='ltr'><strong>iugens</strong></span> 
     </span>
     <span class='ocr_line' id='line_1_10' title="bbox 91 1076 1083 1157; baseline 0.004 -19"><span class='ocrx_word' id='word_1_49' title='bbox 91 1076 192 1139; x_wconf 79' lang='lat' dir='ltr'><strong>Coena</strong></span> <span class='ocrx_word' id='word_1_50' title='bbox 214 1077 313 1152; x_wconf 81' lang='lat' dir='ltr'><strong>sedet3</strong></span> <span class='ocrx_word' id='word_1_51' title='bbox 335 1077 447 1156; x_wconf 87' lang='lat' dir='ltr'><strong>gremio</strong></span> <span class='ocrx_word' id='word_1_52' title='bbox 465 1078 553 1138; x_wconf 90' lang='lat' dir='ltr'><strong>iacuit</strong></span> <span class='ocrx_word' id='word_1_53' title='bbox 574 1094 650 1138; x_wconf 86' lang='lat' dir='ltr'><strong>nova</strong></span> <span class='ocrx_word' id='word_1_54' title='bbox 673 1087 759 1157; x_wconf 89' lang='lat' dir='ltr'><strong>nupta</strong></span> <span class='ocrx_word' id='word_1_55' title='bbox 781 1078 884 1138; x_wconf 87' lang='lat' dir='ltr'><strong>mariti.</strong></span> <span class='ocrx_word' id='word_1_56' title='bbox 942 1095 944 1102; x_wconf 92' lang='lat'>·</span> <span class='ocrx_word' id='word_1_57' title='bbox 1031 1089 1083 1142; x_wconf 74' lang='lat' dir='ltr'><strong>tto</strong></span> 
     </span>
     <span class='ocr_line' id='line_1_11' title="bbox 92 1159 969 1242; baseline -0.002 -20"><span class='ocrx_word' id='word_1_58' title='bbox 92 1161 115 1222; x_wconf 92' lang='lat'>0</span> <span class='ocrx_word' id='word_1_59' title='bbox 137 1175 297 1241; x_wconf 84' lang='lat' dir='ltr'><strong>proceres,</strong></span> <span class='ocrx_word' id='word_1_60' title='bbox 321 1179 446 1222; x_wconf 90' lang='lat' dir='ltr'><strong>censore</strong></span> <span class='ocrx_word' id='word_1_61' title='bbox 468 1179 542 1242; x_wconf 88' lang='lat' dir='ltr'><strong>opus</strong></span> <span class='ocrx_word' id='word_1_62' title='bbox 561 1171 605 1222; x_wconf 89' lang='lat' dir='ltr'><strong>est</strong></span> <span class='ocrx_word' id='word_1_63' title='bbox 625 1180 660 1222; x_wconf 94' lang='lat' dir='ltr'><strong>an</strong></span> <span class='ocrx_word' id='word_1_64' title='bbox 682 1163 839 1240; x_wconf 80' lang='lat' dir='ltr'><strong>haruspice</strong></span> <span class='ocrx_word' id='word_1_65' title='bbox 861 1159 969 1222; x_wconf 84' lang='lat' dir='ltr'><strong>nobis?</strong></span> 
     </span>
     <span class='ocr_line' id='line_1_12' title="bbox 91 1245 857 1325; baseline -0.004 -18"><span class='ocrx_word' id='word_1_66' title='bbox 91 1245 212 1308; x_wconf 79' lang='lat' dir='ltr'><strong>Scilicet</strong></span> <span class='ocrx_word' id='word_1_67' title='bbox 232 1245 371 1306; x_wconf 86' lang='lat' dir='ltr'><strong>horreres</strong></span> <span class='ocrx_word' id='word_1_68' title='bbox 389 1245 705 1325; x_wconf 83' lang='lat' dir='ltr'><strong>maioraqnemonstra</strong></span> <span class='ocrx_word' id='word_1_69' title='bbox 727 1254 857 1325; x_wconf 79' lang='lat' dir='ltr'><strong>putares,</strong></span> 
     </span>
     <span class='ocr_line' id='line_1_13' title="bbox 91 1325 848 1407; baseline -0.004 -16"><span class='ocrx_word' id='word_1_70' title='bbox 91 1332 122 1392; x_wconf 88' lang='lat' dir='ltr'><strong>Si</strong></span> <span class='ocrx_word' id='word_1_71' title='bbox 144 1330 248 1391; x_wconf 89' lang='lat' dir='ltr'><strong>mnlier</strong></span> <span class='ocrx_word' id='word_1_72' title='bbox 269 1329 386 1391; x_wconf 86' lang='lat' dir='ltr'><strong>vitulum</strong></span> <span class='ocrx_word' id='word_1_73' title='bbox 405 1329 455 1390; x_wconf 85' lang='lat' dir='ltr'><strong>vel</strong></span> <span class='ocrx_word' id='word_1_74' title='bbox 477 1332 500 1390; x_wconf 95' lang='lat' dir='ltr'><strong>si</strong></span> <span class='ocrx_word' id='word_1_75' title='bbox 523 1330 578 1390; x_wconf 90' lang='lat' dir='ltr'><strong>bos</strong></span> <span class='ocrx_word' id='word_1_76' title='bbox 600 1331 703 1392; x_wconf 79' lang='lat' dir='ltr'><strong>ederet</strong></span> <span class='ocrx_word' id='word_1_77' title='bbox 722 1325 848 1407; x_wconf 81' lang='lat' dir='ltr'><strong>agnum?</strong></span> 
     </span>
     <span class='ocr_line' id='line_1_14' title="bbox 91 1413 879 1493; baseline -0.004 -17"><span class='ocrx_word' id='word_1_78' title='bbox 91 1416 248 1493; x_wconf 89' lang='lat' dir='ltr'><strong>Segmeuta</strong></span> <span class='ocrx_word' id='word_1_79' title='bbox 270 1423 300 1475; x_wconf 90' lang='lat' dir='ltr'><strong>et</strong></span> <span class='ocrx_word' id='word_1_80' title='bbox 321 1413 427 1491; x_wconf 87' lang='lat' dir='ltr'><strong>longos</strong></span> <span class='ocrx_word' id='word_1_81' title='bbox 447 1413 559 1475; x_wconf 87' lang='lat' dir='ltr'><strong>babitus</strong></span> <span class='ocrx_word' id='word_1_82' title='bbox 583 1424 612 1475; x_wconf 90' lang='lat' dir='ltr'><strong>et</strong></span> <span class='ocrx_word' id='word_1_83' title='bbox 634 1415 765 1475; x_wconf 86' lang='lat' dir='ltr'><strong>flammea</strong></span> <span class='ocrx_word' id='word_1_84' title='bbox 785 1414 879 1490; x_wconf 84' lang='lat' dir='ltr'><strong>sumit,</strong></span> 
     </span>
     <span class='ocr_line' id='line_1_15' title="bbox 90 1498 738 1579; baseline -0.002 -20"><span class='ocrx_word' id='word_1_85' title='bbox 90 1498 207 1559; x_wconf 74' lang='lat' dir='ltr'><strong>Arcano</strong></span> <span class='ocrx_word' id='word_1_86' title='bbox 227 1500 275 1579; x_wconf 87' lang='lat' dir='ltr'><strong>qni</strong></span> <span class='ocrx_word' id='word_1_87' title='bbox 298 1515 381 1559; x_wconf 88' lang='lat' dir='ltr'><strong>sacra</strong></span> <span class='ocrx_word' id='word_1_88' title='bbox 402 1498 501 1558; x_wconf 81' lang='lat' dir='ltr'><strong>terens</strong></span> <span class='ocrx_word' id='word_1_89' title='bbox 520 1500 645 1559; x_wconf 87' lang='lat' dir='ltr'><strong>nutantia</strong></span> <span class='ocrx_word' id='word_1_90' title='bbox 674 1499 738 1558; x_wconf 92' lang='lat' dir='ltr'><strong>loro</strong></span> 
     </span>
     <span class='ocr_line' id='line_1_16' title="bbox 90 1580 804 1662; baseline -0.004 -18"><span class='ocrx_word' id='word_1_91' title='bbox 90 1582 210 1644; x_wconf 85' lang='lat' dir='ltr'><strong>Sudavit</strong></span> <span class='ocrx_word' id='word_1_92' title='bbox 241 1583 348 1662; x_wconf 87' lang='lat' dir='ltr'><strong>clipeis</strong></span> <span class='ocrx_word' id='word_1_93' title='bbox 369 1582 519 1643; x_wconf 85' lang='lat' dir='ltr'><strong>ancilibus.</strong></span> <span class='ocrx_word' id='word_1_94' title='bbox 566 1580 590 1641; x_wconf 94' lang='lat'>0</span> <span class='ocrx_word' id='word_1_95' title='bbox 612 1591 696 1661; x_wconf 89' lang='lat' dir='ltr'><strong>pater</strong></span> <span class='ocrx_word' id='word_1_96' title='bbox 714 1583 804 1657; x_wconf 81' lang='lat' dir='ltr'><strong>urbis,</strong></span> 
     </span>
     <span class='ocr_line' id='line_1_17' title="bbox 89 1663 819 1745; baseline -0.003 -17"><span class='ocrx_word' id='word_1_97' title='bbox 89 1666 174 1728; x_wconf 88' lang='lat' dir='ltr'><strong>Unde</strong></span> <span class='ocrx_word' id='word_1_98' title='bbox 195 1665 279 1727; x_wconf 85' lang='lat' dir='ltr'><strong>melas</strong></span> <span class='ocrx_word' id='word_1_99' title='bbox 299 1675 406 1726; x_wconf 90' lang='lat' dir='ltr'><strong>tantum</strong></span> <span class='ocrx_word' id='word_1_100' title='bbox 428 1665 514 1725; x_wconf 81' lang='lat' dir='ltr'><strong>latiis</strong></span> <span class='ocrx_word' id='word_1_101' title='bbox 535 1663 724 1745; x_wconf 77' lang='lat' dir='ltr'><strong>pastoribus?</strong></span> <span class='ocrx_word' id='word_1_102' title='bbox 744 1667 819 1726; x_wconf 87' lang='lat' dir='ltr'><strong>nude</strong></span> 
     </span>
     <span class='ocr_line' id='line_1_18' title="bbox 89 1747 836 1829; baseline -0.001 -19"><span class='ocrx_word' id='word_1_103' title='bbox 89 1749 172 1810; x_wconf 74' lang='lat' dir='ltr'><strong>llaec</strong></span> <span class='ocrx_word' id='word_1_104' title='bbox 192 1749 303 1828; x_wconf 84' lang='lat' dir='ltr'><strong>tetigit,</strong></span> <span class='ocrx_word' id='word_1_105' title='bbox 325 1747 467 1824; x_wconf 80' lang='lat' dir='ltr'><strong>Gradive,</strong></span> <span class='ocrx_word' id='word_1_106' title='bbox 490 1759 555 1810; x_wconf 92' lang='lat' dir='ltr'><strong>tuos</strong></span> <span class='ocrx_word' id='word_1_107' title='bbox 577 1751 668 1810; x_wconf 82' lang='lat' dir='ltr'><strong>urtica</strong></span> <span class='ocrx_word' id='word_1_108' title='bbox 690 1747 836 1829; x_wconf 79' lang='lat' dir='ltr'><strong>nepotes?</strong></span> 
     </span>
     <span class='ocr_line' id='line_1_19' title="bbox 89 1832 1077 1914; baseline 0 -19"><span class='ocrx_word' id='word_1_109' title='bbox 89 1832 225 1895; x_wconf 80' lang='lat' dir='ltr'><strong>Traditur</strong></span> <span class='ocrx_word' id='word_1_110' title='bbox 248 1850 322 1893; x_wconf 86' lang='lat' dir='ltr'><strong>ecce</strong></span> <span class='ocrx_word' id='word_1_111' title='bbox 343 1834 407 1894; x_wconf 80' lang='lat' dir='ltr'><strong>niro</strong></span> <span class='ocrx_word' id='word_1_112' title='bbox 431 1832 526 1894; x_wconf 86' lang='lat' dir='ltr'><strong>clarus</strong></span> <span class='ocrx_word' id='word_1_113' title='bbox 548 1849 666 1912; x_wconf 83' lang='lat' dir='ltr'><strong>genere</strong></span> <span class='ocrx_word' id='word_1_114' title='bbox 682 1843 768 1912; x_wconf 91' lang='lat' dir='ltr'><strong>atque</strong></span> <span class='ocrx_word' id='word_1_115' title='bbox 792 1833 896 1914; x_wconf 88' lang='lat' dir='ltr'><strong>opibus</strong></span> <span class='ocrx_word' id='word_1_116' title='bbox 916 1836 974 1896; x_wconf 85' lang='lat' dir='ltr'><strong>vir:</strong></span> <span class='ocrx_word' id='word_1_117' title='bbox 1073 1863 1077 1870; x_wconf 85' lang='lat'><em>-</em></span> 
     </span>
     <span class='ocr_line' id='line_1_20' title="bbox 89 1916 1084 2000; baseline 0.003 -21"><span class='ocrx_word' id='word_1_118' title='bbox 89 1916 154 1980; x_wconf 84' lang='lat' dir='ltr'><strong>Nec</strong></span> <span class='ocrx_word' id='word_1_119' title='bbox 176 1917 291 1996; x_wconf 88' lang='lat' dir='ltr'><strong>galeam</strong></span> <span class='ocrx_word' id='word_1_120' title='bbox 312 1928 450 1996; x_wconf 82' lang='lat' dir='ltr'><strong>quassas,</strong></span> <span class='ocrx_word' id='word_1_121' title='bbox 476 1936 531 1979; x_wconf 91' lang='lat' dir='ltr'><strong>nec</strong></span> <span class='ocrx_word' id='word_1_122' title='bbox 554 1926 660 1978; x_wconf 86' lang='lat' dir='ltr'><strong>terram</strong></span> <span class='ocrx_word' id='word_1_123' title='bbox 684 1918 805 1998; x_wconf 86' lang='lat' dir='ltr'><strong>cuspide</strong></span> <span class='ocrx_word' id='word_1_124' title='bbox 826 1917 936 2000; x_wconf 88' lang='lat' dir='ltr'><strong>pulsas,</strong></span> <span class='ocrx_word' id='word_1_125' title='bbox 1031 1927 1084 1982; x_wconf 82' lang='grc'><strong>130</strong></span> 
     </span>
     <span class='ocr_line' id='line_1_21' title="bbox 89 1998 881 2083; baseline 0 -21"><span class='ocrx_word' id='word_1_126' title='bbox 89 2000 154 2062; x_wconf 83' lang='grc'><strong>1100</strong></span> <span class='ocrx_word' id='word_1_127' title='bbox 177 2002 310 2083; x_wconf 89' lang='lat' dir='ltr'><strong>quereris</strong></span> <span class='ocrx_word' id='word_1_128' title='bbox 330 1998 425 2080; x_wconf 85' lang='lat' dir='ltr'><strong>patrii</strong></span> <span class='ocrx_word' id='word_1_129' title='bbox 447 2002 523 2063; x_wconf 85' lang='lat' dir='ltr'><strong>vade</strong></span> <span class='ocrx_word' id='word_1_130' title='bbox 543 2012 664 2080; x_wconf 86' lang='lat' dir='ltr'><strong>ergoet</strong></span> <span class='ocrx_word' id='word_1_131' title='bbox 686 2002 760 2064; x_wconf 92' lang='lat' dir='ltr'><strong>cede</strong></span> <span class='ocrx_word' id='word_1_132' title='bbox 783 2003 881 2064; x_wconf 85' lang='lat' dir='ltr'><strong>severi</strong></span> 
     </span>
     <span class='ocr_line' id='line_1_22' title="bbox 90 2081 970 2167; baseline -0.003 -20"><span class='ocrx_word' id='word_1_133' title='bbox 90 2081 242 2164; x_wconf 83' lang='lat' dir='ltr'><strong>iugeribus</strong></span> <span class='ocrx_word' id='word_1_134' title='bbox 265 2086 377 2164; x_wconf 87' lang='lat' dir='ltr'><strong>campi,</strong></span> <span class='ocrx_word' id='word_1_135' title='bbox 398 2103 484 2167; x_wconf 90' lang='lat' dir='ltr'><strong>quem</strong></span> <span class='ocrx_word' id='word_1_136' title='bbox 506 2081 714 2166; x_wconf 58' lang='lat' dir='ltr'><strong>neglegisla·</strong></span> <span class='ocrx_word' id='word_1_137' title='bbox 732 2084 865 2148; x_wconf 84' lang='lat' dir='ltr'><strong>Ollicium</strong></span> <span class='ocrx_word' id='word_1_138' title='bbox 888 2103 970 2146; x_wconf 79' lang='lat' dir='ltr'><strong>cras</strong></span> 
     </span>
     <span class='ocr_line' id='line_1_23' title="bbox 90 2168 869 2249; baseline -0.003 -17"><span class='ocrx_word' id='word_1_139' title='bbox 90 2171 185 2232; x_wconf 89' lang='lat' dir='ltr'><strong>Primo</strong></span> <span class='ocrx_word' id='word_1_140' title='bbox 206 2168 271 2230; x_wconf 87' lang='lat' dir='ltr'><strong>sole</strong></span> <span class='ocrx_word' id='word_1_141' title='bbox 290 2169 358 2230; x_wconf 90' lang='lat' dir='ltr'><strong>mibi</strong></span> <span class='ocrx_word' id='word_1_142' title='bbox 380 2169 578 2249; x_wconf 88' lang='lat' dir='ltr'><strong>peragendum</strong></span> <span class='ocrx_word' id='word_1_143' title='bbox 601 2172 629 2229; x_wconf 91' lang='lat' dir='ltr'><strong>in</strong></span> <span class='ocrx_word' id='word_1_144' title='bbox 647 2171 731 2238; x_wconf 75' lang='lat' dir='ltr'><strong>valle,</strong></span> <span class='ocrx_word' id='word_1_145' title='bbox 748 2170 869 2245; x_wconf 82' lang='lat' dir='ltr'><strong>Quirini.</strong></span> 
     </span>
     <span class='ocr_line' id='line_1_24' title="bbox 91 2251 911 2334; baseline 0.001 -21"><span class='ocrx_word' id='word_1_146' title='bbox 91 2253 172 2328; x_wconf 90' lang='lat' dir='ltr'><strong>Quae</strong></span> <span class='ocrx_word' id='word_1_147' title='bbox 196 2269 283 2315; x_wconf 88' lang='lat' dir='ltr'><strong>causa</strong></span> <span class='ocrx_word' id='word_1_148' title='bbox 305 2251 416 2314; x_wconf 77' lang='lat' dir='ltr'><strong>cilicii?</strong></span> <span class='ocrx_word' id='word_1_149' title='bbox 438 2255 505 2334; x_wconf 91' lang='lat' dir='ltr'><strong>qnid</strong></span> <span class='ocrx_word' id='word_1_150' title='bbox 528 2252 666 2333; x_wconf 74' lang='lat' dir='ltr'><strong>qnaeris?</strong></span> <span class='ocrx_word' id='word_1_151' title='bbox 691 2255 770 2315; x_wconf 86' lang='lat' dir='ltr'><strong>nubit</strong></span> <span class='ocrx_word' id='word_1_152' title='bbox 792 2256 911 2331; x_wconf 87' lang='lat' dir='ltr'><strong>amicos,</strong></span> 
     </span>
     <span class='ocr_line' id='line_1_25' title="bbox 89 2335 1083 2414; baseline 0.003 -16"><span class='ocrx_word' id='word_1_153' title='bbox 89 2335 154 2398; x_wconf 85' lang='lat' dir='ltr'><strong>Nec</strong></span> <span class='ocrx_word' id='word_1_154' title='bbox 174 2338 280 2398; x_wconf 88' lang='lat' dir='ltr'><strong>multos</strong></span> <span class='ocrx_word' id='word_1_155' title='bbox 298 2337 580 2399; x_wconf 80' lang='lat' dir='ltr'><strong>adhibet—Liceat</strong></span> <span class='ocrx_word' id='word_1_156' title='bbox 592 2340 679 2400; x_wconf 93' lang='lat' dir='ltr'><strong>modc</strong></span> <span class='ocrx_word' id='word_1_157' title='bbox 693 2339 813 2399; x_wconf 82' lang='lat' dir='ltr'><strong>vivere:</strong></span> <span class='ocrx_word' id='word_1_158' title='bbox 835 2339 914 2414; x_wconf 83' lang='lat' dir='ltr'><strong>flent,</strong></span> <span class='ocrx_word' id='word_1_159' title='bbox 1032 2345 1083 2401; x_wconf 75' lang='lat'><strong>135</strong></span> 
     </span>
     <span class='ocr_line' id='line_1_26' title="bbox 89 2421 851 2500; baseline 0 -19"><span class='ocrx_word' id='word_1_160' title='bbox 89 2421 173 2482; x_wconf 84' lang='lat' dir='ltr'><strong>Fient</strong></span> <span class='ocrx_word' id='word_1_161' title='bbox 192 2423 247 2482; x_wconf 87' lang='lat' dir='ltr'><strong>iata</strong></span> <span class='ocrx_word' id='word_1_162' title='bbox 272 2421 385 2500; x_wconf 86' lang='lat' dir='ltr'><strong>palam,</strong></span> <span class='ocrx_word' id='word_1_163' title='bbox 409 2423 525 2500; x_wconf 89' lang='lat' dir='ltr'><strong>cupient</strong></span> <span class='ocrx_word' id='word_1_164' title='bbox 548 2431 577 2482; x_wconf 91' lang='lat' dir='ltr'><strong>et</strong></span> <span class='ocrx_word' id='word_1_165' title='bbox 600 2422 628 2481; x_wconf 95' lang='lat' dir='ltr'><strong>in</strong></span> <span class='ocrx_word' id='word_1_166' title='bbox 651 2431 715 2484; x_wconf 86' lang='lat' dir='ltr'><strong>acta</strong></span> <span class='ocrx_word' id='word_1_167' title='bbox 736 2422 851 2485; x_wconf 82' lang='lat' dir='ltr'><strong>referri.</strong></span> 
     </span>
     <span class='ocr_line' id='line_1_27' title="bbox 89 2503 847 2583; baseline -0.003 -16"><span class='ocrx_word' id='word_1_168' title='bbox 89 2504 205 2567; x_wconf 85' lang='lat' dir='ltr'><strong>Interea</strong></span> <span class='ocrx_word' id='word_1_169' title='bbox 226 2513 398 2566; x_wconf 90' lang='lat' dir='ltr'><strong>tormentum</strong></span> <span class='ocrx_word' id='word_1_170' title='bbox 420 2506 522 2583; x_wconf 87' lang='lat' dir='ltr'><strong>ingena</strong></span> <span class='ocrx_word' id='word_1_171' title='bbox 540 2503 714 2566; x_wconf 88' lang='lat' dir='ltr'><strong>nubentibus</strong></span> <span class='ocrx_word' id='word_1_172' title='bbox 736 2504 847 2581; x_wconf 84' lang='lat' dir='ltr'><strong>haeret,</strong></span> 
     </span>
     <span class='ocr_line' id='line_1_28' title="bbox 89 2588 927 2669; baseline 0 -18"><span class='ocrx_word' id='word_1_173' title='bbox 89 2588 176 2663; x_wconf 91' lang='lat' dir='ltr'><strong>Quod</strong></span> <span class='ocrx_word' id='word_1_174' title='bbox 197 2598 343 2669; x_wconf 79' lang='lat' dir='ltr'><strong>nequeam</strong></span> <span class='ocrx_word' id='word_1_175' title='bbox 361 2605 467 2669; x_wconf 89' lang='lat' dir='ltr'><strong>parere</strong></span> <span class='ocrx_word' id='word_1_176' title='bbox 490 2598 519 2649; x_wconf 90' lang='lat' dir='ltr'><strong>et</strong></span> <span class='ocrx_word' id='word_1_177' title='bbox 540 2599 623 2669; x_wconf 89' lang='lat' dir='ltr'><strong>partu</strong></span> <span class='ocrx_word' id='word_1_178' title='bbox 644 2590 772 2650; x_wconf 90' lang='lat' dir='ltr'><strong>retinere</strong></span> <span class='ocrx_word' id='word_1_179' title='bbox 793 2589 927 2662; x_wconf 76' lang='lat' dir='ltr'><strong>maritos3</strong></span> 
     </span>
     <span class='ocr_line' id='line_1_29' title="bbox 89 2674 860 2754; baseline -0.004 -19"><span class='ocrx_word' id='word_1_180' title='bbox 89 2674 150 2735; x_wconf 86' lang='lat' dir='ltr'><strong>Sed</strong></span> <span class='ocrx_word' id='word_1_181' title='bbox 173 2674 293 2750; x_wconf 81' lang='lat' dir='ltr'><strong>melius,</strong></span> <span class='ocrx_word' id='word_1_182' title='bbox 315 2674 393 2753; x_wconf 92' lang='lat' dir='ltr'><strong>quod</strong></span> <span class='ocrx_word' id='word_1_183' title='bbox 415 2675 454 2734; x_wconf 93' lang='lat' dir='ltr'><strong>nil</strong></span> <span class='ocrx_word' id='word_1_184' title='bbox 472 2675 572 2734; x_wconf 90' lang='lat' dir='ltr'><strong>animis</strong></span> <span class='ocrx_word' id='word_1_185' title='bbox 594 2676 768 2754; x_wconf 88' lang='lat' dir='ltr'><strong>incorpora</strong></span> <span class='ocrx_word' id='word_1_186' title='bbox 790 2674 860 2735; x_wconf 91' lang='lat' dir='ltr'><strong>iuris</strong></span> 
     </span>
     <span class='ocr_line' id='line_1_30' title="bbox 88 2757 1085 2835; baseline 0.002 -17"><span class='ocrx_word' id='word_1_187' title='bbox 88 2757 198 2820; x_wconf 89' lang='lat' dir='ltr'><strong>Natura</strong></span> <span class='ocrx_word' id='word_1_188' title='bbox 219 2758 367 2835; x_wconf 84' lang='lat' dir='ltr'><strong>indulget:</strong></span> <span class='ocrx_word' id='word_1_189' title='bbox 390 2759 507 2819; x_wconf 89' lang='lat' dir='ltr'><strong>steriles</strong></span> <span class='ocrx_word' id='word_1_190' title='bbox 530 2761 697 2835; x_wconf 81' lang='lat' dir='ltr'><strong>moriuntur,</strong></span> <span class='ocrx_word' id='word_1_191' title='bbox 726 2759 835 2820; x_wconf 83' lang='lat' dir='ltr'><strong>stillis</strong></span> <span class='ocrx_word' id='word_1_192' title='bbox 1032 2765 1085 2820; x_wconf 78' lang='lat' dir='ltr'><strong>lto.</strong></span> 
     </span>
     <span class='ocr_line' id='line_1_31' title="bbox 88 2841 816 2922; baseline 0.001 -19"><span class='ocrx_word' id='word_1_193' title='bbox 88 2841 217 2921; x_wconf 77' lang='lat' dir='ltr'><strong>&#39;lurgida</strong></span> <span class='ocrx_word' id='word_1_194' title='bbox 239 2858 297 2902; x_wconf 90' lang='lat' dir='ltr'><strong>uon</strong></span> <span class='ocrx_word' id='word_1_195' title='bbox 313 2842 436 2921; x_wconf 89' lang='lat' dir='ltr'><strong>prodest</strong></span> <span class='ocrx_word' id='word_1_196' title='bbox 459 2843 573 2904; x_wconf 86' lang='lat' dir='ltr'><strong>ccrrdita</strong></span> <span class='ocrx_word' id='word_1_197' title='bbox 597 2843 705 2922; x_wconf 76' lang='lat' dir='ltr'><strong>pyxide</strong></span> <span class='ocrx_word' id='word_1_198' title='bbox 727 2843 816 2920; x_wconf 73' lang='lat' dir='ltr'><strong>Lyde,</strong></span> 
     </span>
     <span class='ocr_line' id='line_1_32' title="bbox 88 2925 851 3008; baseline 0 -22"><span class='ocrx_word' id='word_1_199' title='bbox 88 2925 155 2986; x_wconf 89' lang='lat' dir='ltr'><strong>Nec</strong></span> <span class='ocrx_word' id='word_1_200' title='bbox 176 2926 298 3006; x_wconf 91' lang='lat' dir='ltr'><strong>prodest</strong></span> <span class='ocrx_word' id='word_1_201' title='bbox 319 2927 387 3004; x_wconf 83' lang='lat' dir='ltr'><strong>agili</strong></span> <span class='ocrx_word' id='word_1_202' title='bbox 405 2927 517 3008; x_wconf 88' lang='lat' dir='ltr'><strong>palmas</strong></span> <span class='ocrx_word' id='word_1_203' title='bbox 537 2927 684 3006; x_wconf 90' lang='lat' dir='ltr'><strong>praebere</strong></span> <span class='ocrx_word' id='word_1_204' title='bbox 718 2930 851 3005; x_wconf 88' lang='lat' dir='ltr'><strong>luperco.</strong></span> 
     </span>
     <span class='ocr_line' id='line_1_33' title="bbox 89 3009 905 3088; baseline -0.002 -17"><span class='ocrx_word' id='word_1_205' title='bbox 89 3011 167 3072; x_wconf 89' lang='lat' dir='ltr'><strong>Vicit</strong></span> <span class='ocrx_word' id='word_1_206' title='bbox 188 3020 217 3072; x_wconf 91' lang='lat' dir='ltr'><strong>et</strong></span> <span class='ocrx_word' id='word_1_207' title='bbox 239 3010 298 3072; x_wconf 88' lang='lat' dir='ltr'><strong>boc</strong></span> <span class='ocrx_word' id='word_1_208' title='bbox 317 3021 474 3072; x_wconf 89' lang='lat' dir='ltr'><strong>monstrum</strong></span> <span class='ocrx_word' id='word_1_209' title='bbox 496 3012 615 3072; x_wconf 87' lang='lat' dir='ltr'><strong>tunicati</strong></span> <span class='ocrx_word' id='word_1_210' title='bbox 637 3011 747 3071; x_wconf 82' lang='lat' dir='ltr'><strong>fascina</strong></span> <span class='ocrx_word' id='word_1_211' title='bbox 770 3009 905 3088; x_wconf 80' lang='lat' dir='ltr'><strong>Gracchi,</strong></span> 
     </span>
     <span class='ocr_line' id='line_1_34' title="bbox 89 3094 836 3176; baseline -0.003 -20"><span class='ocrx_word' id='word_1_212' title='bbox 89 3095 291 3176; x_wconf 85' lang='lat' dir='ltr'><strong>bustraritque</strong></span> <span class='ocrx_word' id='word_1_213' title='bbox 311 3094 379 3172; x_wconf 90' lang='lat' dir='ltr'><strong>iuga</strong></span> <span class='ocrx_word' id='word_1_214' title='bbox 401 3096 525 3156; x_wconf 89' lang='lat' dir='ltr'><strong>mediam</strong></span> <span class='ocrx_word' id='word_1_215' title='bbox 543 3095 687 3173; x_wconf 90' lang='lat' dir='ltr'><strong>gladiator</strong></span> <span class='ocrx_word' id='word_1_216' title='bbox 708 3111 836 3173; x_wconf 87' lang='lat' dir='ltr'><strong>arenam,</strong></span> 
     </span>
     <span class='ocr_line' id='line_1_35' title="bbox 88 3176 759 3259; baseline -0.004 -19"><span class='ocrx_word' id='word_1_217' title='bbox 88 3178 127 3240; x_wconf 83' lang='lat' dir='ltr'><strong>Et</strong></span> <span class='ocrx_word' id='word_1_218' title='bbox 151 3176 323 3259; x_wconf 78' lang='lat' dir='ltr'><strong>Capitolinis</strong></span> <span class='ocrx_word' id='word_1_219' title='bbox 346 3180 522 3258; x_wconf 79' lang='lat' dir='ltr'><strong>generosior</strong></span> <span class='ocrx_word' id='word_1_220' title='bbox 546 3180 589 3258; x_wconf 89' lang='lat' dir='ltr'><strong>[et</strong></span> <span class='ocrx_word' id='word_1_221' title='bbox 609 3177 759 3240; x_wconf 87' lang='lat' dir='ltr'><strong>blarcellis</strong></span> 
     </span>
     <span class='ocr_line' id='line_1_36' title="bbox 88 3261 829 3343; baseline -0.003 -19"><span class='ocrx_word' id='word_1_222' title='bbox 88 3262 127 3324; x_wconf 83' lang='lat' dir='ltr'><strong>Et</strong></span> <span class='ocrx_word' id='word_1_223' title='bbox 150 3261 244 3324; x_wconf 82' lang='lat' dir='ltr'><strong>Catuli</strong></span> <span class='ocrx_word' id='word_1_224' title='bbox 268 3263 409 3341; x_wconf 88' lang='lat' dir='ltr'><strong>Paulique</strong></span> <span class='ocrx_word' id='word_1_225' title='bbox 440 3263 609 3343; x_wconf 88' lang='lat' dir='ltr'><strong>minoribus]</strong></span> <span class='ocrx_word' id='word_1_226' title='bbox 632 3272 661 3324; x_wconf 90' lang='lat' dir='ltr'><strong>et</strong></span> <span class='ocrx_word' id='word_1_227' title='bbox 682 3262 780 3323; x_wconf 83' lang='lat' dir='ltr'><strong>Fabiis</strong></span> <span class='ocrx_word' id='word_1_228' title='bbox 800 3271 829 3322; x_wconf 88' lang='lat' dir='ltr'><strong>et</strong></span> 
     </span>
     <span class='ocr_line' id='line_1_37' title="bbox 90 3345 941 3427; baseline -0.004 -21"><span class='ocrx_word' id='word_1_229' title='bbox 90 3345 228 3408; x_wconf 87' lang='lat' dir='ltr'><strong>Omnibus</strong></span> <span class='ocrx_word' id='word_1_230' title='bbox 251 3349 287 3410; x_wconf 90' lang='lat' dir='ltr'><strong>ad</strong></span> <span class='ocrx_word' id='word_1_231' title='bbox 307 3347 424 3427; x_wconf 89' lang='lat' dir='ltr'><strong>podium</strong></span> <span class='ocrx_word' id='word_1_232' title='bbox 446 3347 662 3427; x_wconf 83' lang='lat' dir='ltr'><strong>spectantibus,</strong></span> <span class='ocrx_word' id='word_1_233' title='bbox 689 3345 733 3406; x_wconf 92' lang='lat' dir='ltr'><strong>bis</strong></span> <span class='ocrx_word' id='word_1_234' title='bbox 754 3347 826 3406; x_wconf 87' lang='lat' dir='ltr'><strong>licet</strong></span> <span class='ocrx_word' id='word_1_235' title='bbox 848 3345 941 3423; x_wconf 88' lang='lat' dir='ltr'><strong>ipsum</strong></span> 
     </span>
     <span class='ocr_line' id='line_1_38' title="bbox 92 3430 811 3510; baseline -0.006 -19"><span class='ocrx_word' id='word_1_236' title='bbox 92 3430 274 3510; x_wconf 79' lang='lat' dir='ltr'><strong>Admoveas‚</strong></span> <span class='ocrx_word' id='word_1_237' title='bbox 299 3432 380 3493; x_wconf 88' lang='lat' dir='ltr'><strong>cuius</strong></span> <span class='ocrx_word' id='word_1_238' title='bbox 401 3441 468 3492; x_wconf 89' lang='lat' dir='ltr'><strong>tunc</strong></span> <span class='ocrx_word' id='word_1_239' title='bbox 490 3449 610 3493; x_wconf 88' lang='lat' dir='ltr'><strong>munere</strong></span> <span class='ocrx_word' id='word_1_240' title='bbox 631 3431 705 3491; x_wconf 90' lang='lat' dir='ltr'><strong>retia</strong></span> <span class='ocrx_word' id='word_1_241' title='bbox 727 3430 811 3490; x_wconf 90' lang='lat' dir='ltr'><strong>misit.</strong></span> 
     </span>
     <span class='ocr_line' id='line_1_39' title="bbox 132 3515 840 3596; baseline -0.006 -19"><span class='ocrx_word' id='word_1_242' title='bbox 132 3515 209 3577; x_wconf 83' lang='lat' dir='ltr'><strong>Esse</strong></span> <span class='ocrx_word' id='word_1_243' title='bbox 231 3517 347 3596; x_wconf 86' lang='lat' dir='ltr'><strong>aliquos</strong></span> <span class='ocrx_word' id='word_1_244' title='bbox 367 3533 466 3576; x_wconf 88' lang='lat' dir='ltr'><strong>manes</strong></span> <span class='ocrx_word' id='word_1_245' title='bbox 490 3525 519 3577; x_wconf 91' lang='lat' dir='ltr'><strong>et</strong></span> <span class='ocrx_word' id='word_1_246' title='bbox 540 3515 728 3578; x_wconf 88' lang='lat' dir='ltr'><strong>subterranea</strong></span> <span class='ocrx_word' id='word_1_247' title='bbox 751 3529 840 3591; x_wconf 85' lang='lat' dir='ltr'><strong>regns</strong></span> 
     </span>
    </p>
   </div>
   <div class='ocr_carea' id='block_1_3' title="bbox 0 0 1280 4028">
    <p class='ocr_par' dir='ltr' id='par_1_3' title="bbox 0 0 1280 4028">
     <span class='ocr_line' id='line_1_40' title="bbox 0 0 1280 4028; baseline 0 0"><span class='ocrx_word' id='word_1_248' title='bbox 0 0 1280 4028; x_wconf 95' lang='lat' dir='ltr'><strong> </strong></span> 
     </span>
    </p>
   </div>
  </div>
 </body>
</html>
