2552 4028
212 235 251 288 vl
592 229 800 283 Pmmno.

212 383 269 440 iano
284 386 379 438 lantum
396 384 481 434 eontra
490 377 654 436 Domitianum
671 389 783 450 pugnum
797 374 880 434 ionum
890 375 956 432 exilii
965 374 1058 434 denuoi
1067 391 1139 448 posue
1148 377 1187 435 de

212 465 332 538 merari:
343 463 414 520 mitto
423 460 664 530 mantuelem,
675 461 717 533 qni
727 459 843 518 milleno
853 460 969 532 insumpto
979 460 1085 526 Juvenal
1097 461 1135 518 ein
1145 460 1188 518 le-

212 551 285 607 liens·
300 549 351 606 und
362 545 543 606 Clunktmhild
554 561 597 604 aos
612 546 656 604 der
672 544 809 602 rumorum
817 544 965 610 Kamul,
982 543 1103 602 illitrfold
1114 548 1188 605 1861.

213 636 239 702 a
250 649 276 704 p.
288 637 339 692 lou
349 645 403 703 sqq·
413 629 517 689 eundern
526 630 655 688 liaianum
665 644 722 688 oum
733 629 844 702 Aegypto
854 629 959 686 smero
968 628 1123 686 nihilominus
1133 643 1189 701 poe-

212 726 264 775 tam
274 716 356 774 noerio
369 715 466 788 quando
475 716 501 772 in
511 714 596 772 ortem
606 729 729 774 roverium
739 713 855 786 reliquam
864 713 973 770 ritanuin
984 713 1114 772 Tiburtinis
1123 727 1190 784 prau-

212 803 259 859 di'o
276 801 373 872 degisse
387 799 485 865 estoit,
503 813 591 871 nempe
600 799 670 857 venia
685 798 715 854 ab
726 798 871 871 imperatore
880 805 979 869 sumpts
994 798 1191 870 romuoiliataqne

213 885 308 960 gratia,
326 885 395 940 orum
404 884 439 940 rei
448 899 481 939 ne
489 884 621 957 umtiginm
631 883 727 955 quidem
744 883 806 954 apud
817 889 911 940 setores
921 888 1031 940 austures
1042 889 1133 945 nutat:
1149 881 1189 938 sod

213 985 245 1027 no
255 968 428 1039 Hertzborgius
447 968 558 1039 quidem,
578 969 620 1039 pai
636 964 848 1024 inSehnoidewini
859 964 987 1039 Philologo
1003 966 1033 1023 T.
1044 967 1080 1032 ll,
1096 981 1121 1036 p.
1140 967 1190 1026 679

213 1053 330 1126 reliquam
341 1057 448 1108 nosram
458 1051 644 1120 disputationem
654 1065 753 1108 ammon
764 1065 808 1106 suo
819 1049 936 1120 probavit,
946 1050 1192 1123 Aegyptumabiiuoro

213 1141 348 1210 aususest.
360 1148 407 1190 nee
416 1133 584 1206 Bernhardyus
595 1132 723 1190 Gnmdriss
739 1133 783 1189 der
791 1141 852 1189 rom.
865 1133 913 1190 lit.
926 1149 951 1204 p.
963 1137 1016 1192 ool
1025 1150 1039 1190 a
1049 1141 1130 1192 volero
1140 1134 1192 1205 opi·

213 1221 286 1279 nione
295 1217 412 1282 discessit.
423 1218 449 1272 in
462 1233 510 1288 quo
522 1217 581 1274 illud
591 1218 696 1272 maximo
706 1217 787 1282 miror,
799 1217 865 1288 qnod
874 1218 916 1289 qni
932 1226 1038 1274 nostram
1049 1218 1191 1274 sententiani

212 1303 334 1362 historicis
344 1301 504 1358 fundamentis
516 1316 597 1358 eorere
607 1308 695 1374 negat,
713 1300 779 1358 nullo
790 1309 889 1358 auctore
903 1301 1047 1358 Hadrianum
1058 1301 1192 1358 aluvenalo

214 1388 333 1446 offensum
344 1399 397 1442 esso
407 1399 503 1442 narrare
513 1401 562 1442 non
579 1385 681 1442 dubitat.
704 1384 735 1440 Et
748 1384 919 1458 Henulorgms
932 1386 1028 1458 pridem
1039 1385 1191 1443 Caledoniam

213 1473 300 1530 eodem
314 1476 459 1542 argumento
469 1469 610 1542 impugnat,
631 1485 679 1542 quo
696 1470 744 1525 iem
753 1468 888 1527 nmmum
905 1469 1015 1526 inlahnii
1026 1469 1113 1526 mcliv
1124 1472 1193 1530 1840

214 1557 242 1613 T.
254 1555 293 1624 Vl,
305 1569 331 1625 p.
344 1555 396 1612 dil
407 1569 460 1626 sqq.
473 1554 591 1627 confugit
602 1553 644 1610 ubi
656 1568 730 1626 quum
742 1553 839 1612 omnino
850 1553 968 1624 luvenalis
978 1553 1076 1610 exilium
1087 1569 1100 1608 a
1111 1567 1193 1626 granu

213 1641 309 1698 malleis
319 1654 350 1694 eu
366 1638 427 1696 louis
444 1645 531 1709 poeue
546 1638 611 1696 male
626 1637 755 1696 intellectis
763 1637 846 1694 lictum
857 1653 910 1694 eme
920 1638 1064 1703 contundat,
1082 1636 1193 1694 Sentinas

214 1738 311 1798 proque
321 1723 420 1778 militiae
430 1723 519 1780 lamam
529 1739 560 1780 ex
569 1722 619 1779 Sat.
631 1723 666 1780 11.
680 1726 730 1784 159
740 1723 833 1780 -161
846 1722 966 1796 originem
981 1721 1078 1780 duxisse
1086 1722 1193 1794 suspiee-

213 1815 266 1869 tnr;
283 1806 433 1862 huiotamen
449 1808 514 1878 quod
528 1807 559 1862 de
569 1808 680 1879 Aegypto
696 1807 798 1864 libenter
814 1807 934 1872 nonuedo.
951 1822 1023 1880 quam
1039 1807 1080 1879 quii
1095 1812 1194 1877 postam

214 1891 301 1948 adiimo
311 1889 336 1945 in
346 1889 418 1946 satira
427 1889 473 1944 suh
486 1891 566 1960 ipsum
575 1889 639 1945 ritae
647 1889 720 1946 linem
735 1892 827 1961 seripta
838 1890 952 1962 legisset.
966 1890 1055 1947 ibidem
1068 1905 1124 1947 eum
1135 1905 1195 1947 exn·

213 1975 276 2033 lassu
290 1973 361 2030 laede
371 1973 479 2045 collegit
491 1973 516 2030 id
525 1974 550 2029 in
560 1968 686 2030 luhernom
695 1979 720 2028 et
731 1971 836 2030 Orcadas
847 1973 932 2030 eadere
942 1987 1039 2044 prorsus
1049 1989 1123 2048 nego,
1134 1989 1195 2047 quas

213 2073 292 2131 nequo
302 2057 400 2114 modern
418 2072 474 2114 oum
486 2055 569 2113 Smila
588 2057 761 2130 grammaticus
776 2056 866 2112 habere
880 2063 976 2128 poterat
990 2072 1069 2131 noque
1078 2059 1112 2116 ita
1121 2065 1195 2131 poeta

213 2147 340 2206 memorat,
351 2149 467 2198 uisuram
476 2141 522 2198 sibi
532 2147 603 2198 nutas
612 2140 747 2214 significeto
757 2141 808 2197 siro
817 2139 1195 2198 musmonem

213 2228 294 2299 ipsunr
303 2226 392 2282 uidisse
406 2223 462 2282 inde
473 2226 590 2298 colligere
607 2226 677 2291 dest.
692 2225 778 2282 eodem
793 2232 860 2282 reno
874 2225 939 2293 iuro,
954 2240 1002 2296 qno
1022 2225 1196 2299 llenzbergioo

213 2310 386 2384 Aegyptiarum
397 2315 483 2381 poetae
493 2310 711 2382 peregrinationum
722 2310 752 2366 sd
763 2309 827 2366 exilii
838 2310 891 2368 eius
900 2307 1102 2382 significationem
1113 2309 1196 2366 detor·

213 2396 258 2464 sit,
276 2396 322 2452 iter
332 2394 496 2451 Britannicum
506 2395 531 2450 in
544 2392 656 2452 Smtioae
666 2394 766 2452 millias
776 2395 942 2454 testimonium
953 2393 1126 2452 adhibebimus.
1152 2394 1196 2450 lli·

213 2481 330 2538 atorionm
341 2487 421 2536 autem
438 2476 509 2536 hnirn
524 2479 707 2538 tundamentum
723 2479 763 2552 qui
774 2480 906 2545 desiderat,
924 2479 1029 2536 solidum
1045 2484 1196 2550 separatum

213 2564 354 2620 inuenietin
368 2564 440 2620 titulo
450 2564 537 2635 Aquini
552 2565 577 2619 in
594 2565 646 2634 ipsa
662 2562 779 2619 luvenalis
792 2563 869 2634 patria
884 2570 993 2632 reporto,
1010 2564 1035 2618 in
1052 2577 1125 2634 quem
1145 2563 1196 2618 ianr

213 2647 348 2718 limigenis
358 2646 383 2700 in
394 2644 495 2716 Epiron.
509 2646 571 2702 litsr.
591 2644 685 2702 lenens.
699 2647 768 2708 1823
778 2645 808 2701 N.
823 2649 857 2704 1³
870 2646 1018 2704 eruditumm
1029 2647 1122 2704 animos
1133 2661 1196 2704 non·

214 2731 293 2793 vertit,
305 2728 390 2786 eodem
400 2734 481 2784 tamon
492 2743 564 2785 nomo
578 2745 637 2786 usus
647 2736 685 2786 est
696 2736 790 2802 praeter
799 2729 920 2788 Bonorum
930 2730 955 2786 in
965 2731 1046 2788 inodo
1057 2731 1099 2804 qui
1109 2731 1197 2788 inseri·

119 2865 123 2874 .
213 2813 279 2869 bitur
294 2811 413 2870 Kritisohe
422 2812 610 2886 Bemerkungen
626 2813 686 2870 uber
706 2814 786 2887 einigo
803 2813 964 2871 Naeloriohten
980 2831 1023 2872 ons
1040 2815 1096 2872 dem
1112 2814 1197 2870 leben

212 2897 338 2960 luimus,
355 2895 517 2970 Rogensburg
534 2900 611 2958 1833.
627 2901 659 2964 8,
676 2914 702 2968 p.
714 2901 764 2962 ἣδε
782 2898 935 2978 isquoqurrm
950 2898 1096 2956 inuniversa
1107 2905 1197 2970 poetae

213 2982 262 3036 rita
279 2980 436 3038 describenda
450 2987 503 3038 turn
518 2982 543 3038 in
559 2981 608 3040 hoo
619 2982 698 3055 lapide
715 2982 748 3040 itu
764 2999 777 3038 a
795 2999 852 3040 reru
864 2983 995 3052 merrario,
1012 2990 1123 3056 utquem
1134 2981 1198 3038 Diod

217 3063 360 3137 Vaapmtnori
373 3063 496 3122 flaminem
509 3066 625 3137 peremibi
639 3068 758 3142 legimus.
780 3081 835 3124 oum
845 3068 891 3126 snb
900 3067 1045 3140 Vespasiano
1061 3067 1099 3124 bis
1115 3066 1198 3123 florui-

212 3163 269 3206 nom
280 3149 469 3206 luissouarraret
478 3165 556 3224 eoque
568 3151 633 3209 lanto
644 3152 795 3220 Iuvenalem,
811 3167 884 3225 quom
900 3167 921 3208 a.
937 3149 1199 3223 ulmensibus

213 3234 312 3292 miumo
323 3234 451 3292 stationum
462 3234 605 3309 inlogypto
615 3236 728 3294 habuisse
739 3252 770 3293 ex
780 3235 910 3307 provaSut.
917 3234 1078 3292 littleetiono
1088 3236 1198 3292 somnia·

212 3317 259 3382 rit.
271 3319 326 3389 unia
342 3320 390 3376 iam
400 3319 454 3376 rivo
472 3319 544 3378 huius
559 3327 629 3392 patre
643 3321 738 3378 mironi
752 3319 1084 3391 nemorumnemorum
1101 3319 1140 3376 rol
1157 3319 1199 3376 bio

212 3401 667 3478 nulualoooaumsatuerooogeremr.
687 3399 1198 3475 Sodhmhallncinotionesvorlroatligimo

211 3484 331 3543 auffioiat:
348 3486 424 3559 lpum
432 3489 507 3556 tituli.
520 3503 592 3563 quom
601 3496 657 3562 post
670 3487 801 3546 Orlandum
812 3487 919 3561 aliosque
928 3485 1107 3548 somniorum
1116 3499 1197 3559 nuper
