2592 4022
178 232 218 296 84
499 245 535 292 o.
556 243 628 292 mu.
650 222 840 292 mundanus

179 384 255 460 Quid
276 384 385 444 sentire
403 391 487 462 putas
511 399 628 459 omnes,
650 379 788 459 Celsine,
810 383 923 444 recenti
1155 399 1173 452 5

176 469 223 530 De
246 468 362 529 scelere
385 476 415 527 et
435 467 502 527 lidei
524 467 651 550 violatae
674 463 815 527 crimine?
837 468 890 528 sed
909 485 966 528 nee

178 555 247 614 Tam
267 553 362 612 tenuis
384 569 491 612 census
507 550 559 611 tibi
582 551 719 629 contigit,
741 560 773 612 ut
794 550 952 612 mediocris

176 638 308 700 iacturae
328 645 358 697 te
380 644 493 713 mergat
514 653 603 712 onus,
626 653 682 696 nec
697 653 763 696 rara
784 635 927 713 videmus,

178 720 260 795 Quae
282 721 408 800 pateris;
432 738 517 780 casus
536 720 632 780 multis
654 719 702 780 bic
725 721 858 798 cognitus
881 737 917 781 ae
939 721 994 782 lam

177 805 274 866 Tritus
296 814 326 865 et
348 804 482 865 emedio
505 804 638 866 fortunae
660 803 763 864 ductus
783 821 902 866 acervo.

176 889 319 950 Ponamus
338 888 441 949 nimios
462 890 602 966 gemitum
624 888 794 966 flagrantior
814 905 908 968 aequo

175 973 242 1034 Non
264 972 352 1034 debet
372 973 457 1033 dolor
480 990 547 1033 esse
565 973 637 1049 riri,
660 991 717 1034 uec
732 973 854 1034 uulnere
873 973 972 1034 maior.

176 1058 220 1119 l'u
240 1058 370 1138 quamuis
391 1056 498 1117 levium
517 1057 659 1117 minimam
681 1059 874 1136 exiguamque
896 1057 1035 1118 malorum

175 1141 349 1203 Particulam
368 1142 418 1200 vix
439 1140 518 1201 ferre
541 1151 643 1219 potes,
667 1140 866 1220 spumantibus
886 1141 993 1202 ardens

175 1223 366 1301 Visceribus,
387 1243 501 1284 sacrum
520 1224 572 1285 tibi
594 1225 672 1304 quod
693 1243 751 1286 uon
771 1225 876 1286 reddat
897 1227 1007 1287 amicus
1135 1237 1168 1290 15
1289 1265 1290 1280 r

175 1309 360 1388 Depositum.
400 1309 505 1387 Stupet
524 1308 615 1386 haee,
639 1310 687 1388 qui
703 1311 758 1370 iam
779 1319 847 1389 post
866 1318 950 1387 terga
972 1309 1092 1389 reliquit

177 1393 335 1470 Sexaginta
357 1408 467 1468 annos,
490 1391 612 1454 Fonteio
636 1393 757 1455 consule
778 1403 877 1455 natus:

176 1478 223 1538 An
245 1476 314 1536 nibil
336 1477 363 1536 in
386 1476 489 1536 melius
509 1487 553 1539 tot
574 1496 671 1538 rerum
693 1478 810 1557 prolicit
829 1474 905 1538 usui

176 1560 281 1639 Magna
302 1561 434 1640 quidem,
457 1563 550 1623 sacris
572 1580 647 1642 quae
665 1563 713 1623 dat
736 1570 897 1642 praecepta
918 1561 1038 1640 libellis,

174 1646 289 1706 Victrix
308 1645 442 1706 fortunae
462 1647 619 1724 sapientia;
643 1645 772 1707 ducimus
793 1655 888 1707 autem
974 1665 980 1676 ·
1130 1655 1167 1709 bu

175 1729 237 1790 llos
258 1747 377 1809 quoque
397 1729 518 1806 leliees,
542 1732 590 1810 qui
612 1731 692 1791 lerre
713 1729 895 1791 incommoda
918 1732 995 1791 vitae

179 1812 241 1873 llec
258 1814 368 1874 iactare
387 1815 484 1891 iugum
505 1815 564 1874 vita
585 1815 716 1875 didicere
736 1816 882 1893 magistra.

177 1895 259 1970 Quae
282 1906 340 1956 tam
360 1897 436 1958 lesta
458 1899 538 1974 dies,
561 1907 593 1958 ut
613 1908 713 1960 cesset
737 1899 866 1978 prodere
886 1899 990 1975 iurem,

176 1979 345 2057 Perfidiam,
370 1980 507 2057 lraudes,
527 1991 614 2061 atque
636 1983 712 2043 omni
733 2001 771 2043 ex
794 1984 913 2043 crimine
935 1983 1045 2044 lucrum

176 2063 346 2138 Quaesitum
364 2072 393 2123 et
416 2072 517 2142 partos
539 2064 637 2142 gladio
659 2066 708 2126 vel
730 2066 839 2146 pyxide
860 2063 1012 2128 nummosi
1131 2077 1166 2130 at

175 2147 246 2208 llari
270 2148 380 2226 quippe
403 2146 487 2224 boni,
510 2165 630 2209 numero
649 2150 698 2209 vix
721 2159 786 2211 sunt
806 2151 926 2212 totidem
948 2160 1019 2231 quot

176 2229 340 2292 Thebarum
357 2239 461 2310 portae
482 2231 531 2292 vel
549 2232 646 2294 diuitis
667 2235 742 2294 ostia
763 2232 831 2295 Nili.

169 2314 258 2375 Nona
281 2323 362 2376 aetas
385 2316 480 2393 agitur
500 2317 661 2396 peioraque
684 2318 785 2380 secula
806 2319 879 2379 lerri

175 2399 384 2477 Temporibus,
408 2417 529 2478 quorum
550 2401 658 2462 sceleri
681 2419 738 2463 non
756 2404 864 2462 invenit
887 2403 951 2481 ipsa

174 2482 288 2543 Nomen
309 2492 339 2544 et
359 2503 376 2545 a
395 2484 476 2544 nullo
494 2486 592 2565 posuit
606 2494 706 2548 natura
723 2487 858 2556 metallo;
1012 2529 1020 2544 .
1133 2495 1168 2550 30

174 2566 237 2627 Nos
257 2567 401 2628 bominum
422 2568 577 2649 divumque
599 2569 685 2630 iidem
708 2571 836 2632 clamore
861 2571 981 2647 ciemus,

176 2649 290 2724 Quanto
312 2650 476 2712 Faesidium
499 2652 596 2713 laudat
612 2654 725 2715 vocalis
743 2664 879 2733 agentem

175 2735 324 2814 Sportula.
363 2735 435 2812 Dic,
457 2737 556 2796 senior
576 2737 655 2798 bulla
678 2739 865 2817 dignissime,
889 2739 997 2816 nescis,

176 2817 255 2892 Quas
277 2817 385 2880 habeat
403 2837 529 2879 veneres
552 2820 647 2882 aliena
668 2820 815 2902 pecunial
835 2825 945 2900 nescia,

176 2901 269 2976 Quem
289 2911 338 2963 tua
361 2903 530 2981 simplicitas
552 2905 640 2965 risum
661 2907 751 2985 vulgo
773 2917 906 2986 moveat,
929 2925 1015 2986 quum
1129 2916 1166 2969 35

174 2985 277 3065 Exigis
297 3005 314 3047 a
337 3004 498 3067 quoquam,
520 3005 558 3048 ne
580 2991 695 3069 peieret
713 3000 743 3052 et
762 2999 845 3071 putet
865 2991 932 3052 ullis

174 3069 251 3130 Esse
273 3070 390 3150 aliquod
413 3091 517 3133 numen
538 3076 654 3154 templis
677 3093 805 3154 araeque
826 3071 963 3136 rubenti?

175 3153 328 3228 Quondam
350 3155 408 3216 boc
429 3157 582 3236 indigenae
605 3159 742 3220 vivebant
763 3175 862 3236 more,
884 3160 1051 3238 priusquam

176 3239 311 3299 Sumeret
329 3249 477 3318 agrestem
496 3242 593 3321 posito
612 3241 774 3304 diademate
794 3242 901 3303 lalcem

176 3322 316 3383 Saturnus
338 3323 470 3402 fugiens,
493 3335 577 3402 tunc,
601 3344 686 3405 quum
707 3327 878 3405 virguncula
899 3326 970 3390 luno
1130 3335 1167 3390 to

175 3403 213 3466 Et
235 3408 364 3484 privatus
386 3408 481 3469 adbuc
502 3410 598 3470 ldaeis
619 3410 751 3489 luppiter
773 3412 880 3489 antris,

174 3487 263 3550 Nulla
284 3508 375 3589 super
395 3493 488 3553 nubes
510 3495 643 3555 convivia
663 3493 882 3575 coelicolarum,
926 3525 931 3536 ·
