2592 4022
452 232 577 284 santus
598 237 634 285 X.
677 247 681 254 '
1027 234 1067 298 73
1098 285 1103 295 ,

63 371 240 439 matronam
259 387 328 432 mox
350 389 437 450 quum
460 373 574 435 dederit
597 374 884 461 santumnium,

63 459 139 519 Fiet
161 465 191 516 et
212 453 308 531 illius,
333 472 419 534 quam
440 473 498 518 nou
519 466 610 535 amat,
634 470 723 522 exuet
747 480 859 526 omnem
1012 477 1066 535 sao

65 540 217 618 Corporis
241 547 386 609 ornatum:
412 540 480 619 quid
502 543 577 602 enim
599 543 659 605 ulla
680 549 832 624 negaverit
854 550 918 613 udis

64 619 267 702 Inguinibus?
290 624 352 683 sive
376 634 422 685 est
445 624 519 688 baec
542 624 652 706 Oppia,
675 631 739 691 sive
758 628 870 693 Catulla

63 709 229 784 Deterior,
256 714 336 768 totos
357 706 447 768 habet
467 708 529 770 illic
550 709 656 773 iemina
676 731 831 776 mores.-

64 793 135 855 Sed
156 800 236 853 casto
265 792 332 870 quid
357 791 450 852 iorma
471 790 581 854 nocet?
596 829 640 844 --
658 796 735 870 Quid
756 796 866 877 profuit
888 797 973 861 immo

62 875 233 956 Hippolyto
255 893 347 952 grave
370 878 568 955 propositum,
595 880 663 964 quid
684 877 927 963 Bellerophonti?
1014 896 1063 952 eat

63 960 194 1026 Erubuit
217 977 322 1038 nempe
345 959 420 1022 baec
443 977 498 1022 ceu
519 961 665 1041 fastidita,
691 966 810 1045 repulsa

62 1043 137 1106 Nec
158 1041 347 1105 Stheneboea
368 1045 462 1106 minus
486 1062 570 1124 quam
597 1045 705 1108 Oresaa
729 1051 900 1130 excanduit,
925 1062 955 1114 et
979 1071 1012 1114 se

64 1129 261 1190 Concussare
286 1127 398 1190 ambae.
431 1126 537 1190 liuliar
562 1131 732 1194 saevissima
756 1143 824 1195 tunc
847 1145 902 1213 est,

65 1212 168 1288 Quum
192 1211 324 1273 stimulos
346 1211 414 1272 odio
435 1211 530 1292 pudor
553 1213 697 1276 admovet.
730 1215 835 1296 Elige,
860 1220 994 1300 quidnam

64 1297 258 1358 Suadendum
282 1314 350 1356 esse
376 1304 479 1376 putes,
507 1298 553 1357 cui
574 1298 686 1360 nubere
710 1298 846 1363 caesam
866 1322 941 1366 uxor
1013 1315 1065 1372 ibt

64 1383 216 1443 Destinat.
254 1379 384 1460 Optimus
408 1379 457 1440 bic
481 1389 510 1442 et
531 1380 760 1445 formosissimus
781 1386 859 1447 idem

66 1466 173 1528 Gentis
199 1465 340 1544 patriciae
362 1465 474 1544 rapitur
498 1464 588 1526 miser
614 1469 844 1545 exstinguendus

64 1548 249 1610 Messalinae
276 1547 382 1617 oculis:
405 1548 510 1610 dudum
537 1549 622 1610 sedet
647 1550 697 1613 illa
720 1560 822 1630 parato

64 1632 250 1694 Flammeolo
274 1630 437 1711 Tyriusque
460 1632 555 1712 palam
574 1633 699 1710 genialis
721 1636 751 1695 in
770 1637 862 1699 bortis

64 1717 232 1793 Stemitur‚
255 1723 286 1777 et
307 1716 363 1776 ritu
386 1714 488 1777 decies
515 1725 638 1778 centena
663 1718 805 1781 dabuntur
1011 1731 1063 1789 335

65 1802 217 1878 Antiquo‚
240 1801 339 1860 veniet
363 1817 427 1860 oum
448 1801 644 1879 signatoribus
666 1819 789 1882 auspex.

64 1885 152 1945 ilaec
173 1893 203 1945 tu
226 1893 342 1945 secreta
364 1892 394 1944 et
415 1885 516 1963 paucis
540 1887 693 1947 commissa
715 1885 861 1966 putabas?

64 1968 138 2028 Non
161 1969 215 2027 nisi
237 1968 369 2048 legitime
395 1969 457 2030 vult
477 1967 597 2030 nubere.
635 1969 710 2043 Quid
733 1971 866 2051 placeat,
891 1971 953 2044 dic:

66 2052 107 2113 Ni
130 2069 235 2131 parere
258 2052 350 2131 velis,
373 2052 553 2133 pereundum
575 2055 630 2115 erit
653 2062 720 2115 ante
740 2055 892 2126 lucernas;

67 2138 102 2198 Si
127 2136 227 2197 scelus
252 2135 400 2215 admittas,
423 2136 536 2199 dabitur
559 2155 640 2200 mora
662 2139 799 2218 parvula,
826 2140 892 2204 dum
914 2157 962 2204 ros
1013 2151 1067 2210 'etto

68 2221 148 2282 Nota
173 2219 238 2280 urbi
261 2229 291 2280 et
314 2221 425 2300 populo
449 2223 596 2299 contingat
617 2223 758 2302 principis
780 2240 890 2286 aurem.
1034 2223 1041 2238 '

66 2305 212 2366 Dedecus
233 2302 284 2363 ille
309 2303 411 2363 domus
434 2305 508 2364 sciet
526 2303 658 2374 ultimum
681 2306 794 2367 interea
817 2315 847 2367 tu

67 2388 249 2464 Obsequere
275 2387 414 2465 imperio,
436 2387 462 2446 si
484 2387 554 2447 tanti
576 2387 637 2447 vita
658 2387 771 2448 diemm

67 2474 247 2534 Paucomm:
283 2469 420 2550 quidquid
438 2469 532 2531 levius
553 2470 718 2550 meliusque
740 2471 863 2550 putaris,

68 2553 245 2617 Praebenda
268 2563 315 2615 eat
330 2553 431 2632 gladio
453 2552 575 2634 pulchra
595 2553 671 2615 baec
693 2562 722 2615 et
743 2553 864 2616 candida
886 2556 1065 2624 cervinae

114 2638 162 2699 Nil
186 2656 259 2717 ergo
282 2638 424 2719 optabunt
444 2635 601 2701 bominesi
621 2667 665 2688 -
683 2637 715 2700 Si
738 2637 889 2702 consilium
909 2640 967 2718 sis,

68 2724 224 2784 Permittes
247 2725 320 2802 ipsis
347 2723 517 2804 expendere
539 2720 717 2800 numinibus,
743 2721 811 2802 quid

70 2805 237 2867 Conveniat
260 2807 346 2868 nobis
371 2807 520 2886 rebusque
542 2809 581 2870 sit
602 2805 675 2868 utile
697 2807 816 2868 nostris.

69 2889 144 2950 Nam
167 2905 222 2969 pro
245 2891 376 2952 iucundis
398 2891 545 2971 aptissima
568 2907 704 2971 quasque
725 2889 833 2955 dabam
858 2889 896 2952 di.

71 2973 178 3035 Carior
201 2973 325 3035 catillis
347 2971 451 3051 bomo,
478 2991 562 3053 quam
585 2973 651 3036 sibi.
686 2971 748 3036 iios
771 2973 928 3036 animorum
1014 2979 1068 3040 tto

70 3057 202 3136 impulsu
227 3063 257 3119 ct
279 3074 369 3120 caeca
389 3073 551 3137 magnaque
575 3057 712 3139 cupidine
737 3056 814 3120 ducti

71 3140 245 3219 coniugium
267 3143 391 3222 petimus
414 3149 586 3224 partumque
607 3143 724 3212 uxorin
748 3149 778 3203 at
800 3139 859 3202 iliis

71 3224 194 3302 Notum,
224 3227 272 3306 qui
296 3227 380 3306 pueri
405 3225 558 3308 qualisque
579 3227 675 3289 latura
698 3227 735 3286 stt
756 3241 840 3287 uxor.

71 3309 111 3370 Ut
135 3321 230 3370 tamen
250 3319 279 3371 et
303 3327 412 3390 poscas
434 3309 543 3391 ailquid
568 3325 741 3390 voveasque
763 3307 882 3371 sacellis

71 3392 148 3454 Exta
172 3403 201 3453 et
227 3393 371 3456 candiduli
394 3394 489 3457 divina
510 3395 655 3457 tomacula
678 3393 773 3474 porci,
1012 3399 1066 3457 ιιι

72 3476 218 3539 Orandum
241 3487 302 3560 ast,
324 3486 355 3541 ut
376 3477 414 3541 sit
435 3495 516 3540 mens
538 3496 609 3541 sana
631 3481 807 3561 incorpore
829 3491 911 3539 sano.
