2552 4028
506 201 722 256 ‚munuum
1058 203 1111 254 vn

127 349 302 408 llommsenim
317 349 391 408 lmen.
402 347 434 406 lt.
445 347 544 420 Neopsl.
563 363 587 406 n.
598 349 668 409 tem
682 346 769 416 edidit,
789 361 846 404 eum
860 347 1002 406 neeessar'u’s
1011 350 1109 422 supple·

128 435 219 492 mentis
227 434 288 491 haee
297 434 448 492 uerhasunt:

467 571 471 577 .
491 515 587 574 oereRl.
606 513 732 572 SACRVM

470 601 494 658 d.
508 598 614 658 tultus.
631 597 791 654 tvvuhttts

406 683 475 742 eure.
487 682 560 742 thll.
572 701 589 742 ι.
606 681 818 740 uolumenum

437 769 467 826 11.
478 767 538 824 VIR.
550 766 656 833 ulmo.
668 763 793 822 Flahlth

481 852 552 909 ulii.
565 849 746 908 VESPhSthl

449 934 542 992 voum
558 932 769 1006 uuuluatmqvn

120 1055 123 1060 -
335 1057 340 1068 .
473 1017 532 1074 SVA
684 1009 753 1074 'PEC

124 1101 168 1158 ehi
178 1107 245 1158 reete
255 1100 346 1158 dodum
357 1100 438 1172 agnita
449 1107 486 1158 est
497 1102 595 1158 helvina
601 1101 681 1169 Ceres,
693 1116 765 1174 quam
775 1101 805 1156 ah
813 1100 969 1174 Aquinatium
978 1101 1108 1172 peculiari·

125 1192 165 1242 ter
173 1186 263 1242 oultam
276 1184 453 1242 esselnuenaiis
464 1184 514 1242 Sat
521 1185 561 1242 111.
570 1191 623 1246 320
634 1192 747 1248 testatur:
760 1185 883 1240 hominem
895 1192 975 1242 entem
988 1199 1020 1239 ne
1031 1185 1104 1240 alium

125 1277 257 1340 suppetam
267 1275 376 1326 nostmm
387 1283 440 1328 esse
449 1276 629 1338 oenseamnset
638 1269 742 1325 nominis
748 1276 773 1325 et
781 1269 898 1340 temporis
904 1269 1069 1326 convenientia
1080 1275 1103 1322 et

124 1354 177 1425 ipsa
187 1353 297 1409 militaris
308 1353 414 1409 muneris
424 1355 540 1410 memoria
549 1351 648 1420 suadet,
665 1369 737 1426 quam
746 1369 794 1410 nou
805 1360 843 1410 est
853 1369 896 1409 our
905 1353 973 1409 iilum
990 1353 1103 1408 reduoem

124 1438 188 1494 inter
197 1437 282 1494 titulus
291 1452 349 1494 mos
359 1451 513 1494 consecrasse
522 1452 655 1511 negemus3
666 1435 731 1509 quod
741 1438 762 1494 si
772 1437 830 1494 illud
841 1439 892 1493 emi
899 1441 986 1508 potest,
999 1435 1104 1492 uhillel-

123 1527 244 1576 matamm
253 1521 294 1578 illa
301 1521 396 1588 cohors,
407 1523 476 1578 euius
485 1521 632 1578 tribunatum
643 1522 749 1594 gessisse
756 1522 853 1594 legitur,
866 1520 983 1576 luvenalis
996 1527 1103 1592 temporo
1162 1562 1165 1568 ,

123 1605 254 1662 stationem
263 1604 387 1670 hahuerit,
403 1606 441 1662 uel
456 1607 555 1664 militiae
564 1605 603 1660 uel
611 1605 676 1660 exilii
685 1605 757 1660 huius
767 1604 836 1660 loeus
848 1611 916 1660 extra
926 1619 1024 1660 onmem
1035 1603 1102 1659 dubi·
1224 1657 1228 1664 .

123 1689 241 1744 tationem
256 1689 350 1759 positus
366 1687 420 1744 erit.
448 1689 520 1760 Atqui
529 1689 693 1744 Delmatarum
708 1687 833 1742 eohortem
849 1688 951 1758 primam
968 1687 1104 1742 Britanniae
1134 1723 1136 1727 -

124 1771 235 1828 tribuunt
245 1772 388 1842 diplomata,
399 1786 461 1844 quae
471 1773 544 1828 docte
552 1772 655 1828 illustrat
666 1770 773 1827 lientaen
784 1770 916 1828 iuiahrhh.
928 1771 944 1828 s.
957 1771 1058 1826 hiterth.
1069 1771 1103 1826 im

121 1855 221 1912 Rheinl.
233 1858 303 1914 1848
313 1855 341 1910 Τ.
354 1855 422 1922 xlii.
440 1871 464 1928 p.
475 1859 527 1922 87,
538 1856 654 1927 imprimis
670 1855 804 1911 secumdum
814 1855 977 1921 cardinalem,
998 1855 1103 1926 Dipiomi

124 1939 241 2011 imperiali
257 1939 282 1996 di
298 1939 409 2012 privilegi
431 1940 551 1998 necordati
572 1940 595 1997 ai
613 1939 723 2009 militari,
740 1939 822 1998 Velitr.
840 1942 907 1998 1835
924 1946 940 1995 t
958 1939 1016 2004 llll,
1037 1941 1103 1996 unde

122 2039 178 2080 eam
194 2039 216 2080 a
227 2027 279 2082 106
289 2038 313 2095 p.
326 2023 382 2082 Chr.
394 2022 444 2080 illie
459 2025 590 2082 tetendisse
605 2024 776 2096 intelligimus:
794 2024 907 2095 idemque
921 2025 982 2080 scite
998 2024 1102 2079 ostendit

123 2107 231 2164 eiusdem
242 2109 379 2179 promisere
388 2114 414 2164 et
424 2111 559 2180 preelectus
574 2115 599 2163 et
610 2108 719 2178 tribunos
728 2121 855 2179 apparere,
866 2107 930 2163 unde
940 2122 971 2162 ue
981 2107 1040 2162 illud
1050 2108 1103 2179 qui·

123 2192 238 2248 domnos
251 2192 348 2249 turbare
358 2193 460 2263 poterit,
478 2194 542 2266 quod
555 2192 726 2250 Mommseuius
741 2192 773 2248 de
780 2191 916 2247 tribunatus
926 2197 983 2246 nota
994 2191 1017 2246 in
1030 2191 1102 2246 titulo

123 2276 275 2332 luvenaliauu
286 2276 404 2349 ambigit3
423 2292 472 2333 uno
483 2278 559 2350 igitur
571 2278 666 2349 muium
676 2274 782 2332 cohortis
798 2290 898 2331 numero
917 2281 972 2330 ante
982 2273 1103 2332 Durnom-

122 2376 176 2416 tum
186 2359 290 2425 inserto,
302 2359 343 2430 qui
354 2361 380 2414 in
389 2359 503 2416 Italorum
515 2361 659 2432 apographis
670 2360 741 2416 laoiie
749 2359 843 2432 negligi
851 2365 958 2430 poterat,
969 2360 1018 2415 iam
1029 2361 1101 2415 etiam

123 2441 328 2500 monnneuetem
345 2441 418 2498 fidem
433 2443 498 2498 nacti
522 2458 621 2510 sumus,
640 2457 687 2514 qus
697 2457 771 2514 quum
787 2449 867 2497 uetera
885 2443 1029 2506 testimonia,
1041 2457 1102 2514 quae

123 2525 246 2582 Sootieam
258 2525 376 2582 luvenalis
395 2526 505 2583 militiam
521 2531 723 2589 mmmemorant,
745 2531 798 2580 tum
816 2525 926 2580 scholion
944 2524 1102 2582 Bodleianum

123 2610 154 2666 ab
166 2601 249 2666 Odoin.
261 2609 360 2666 hiuliem
372 2611 450 2682 primu
469 2610 560 2668 editum
571 2610 748 2666 confirmemus.
778 2609 840 2665 Nam
852 2614 880 2664 ut
890 2608 938 2665 hoo
948 2609 1045 2682 reliquis
1056 2625 1100 2682 po-

122 2694 172 2750 tins
191 2693 335 2759 habeamus,
351 2694 411 2751 illud
421 2695 509 2761 efficit,
529 2696 594 2767 quod
611 2695 650 2750 aiii
666 2693 763 2750 Seotiae
778 2699 853 2750 testes
869 2699 983 2767 tyrorum,
996 2696 1037 2768 qui
1052 2695 1102 2751 illie

122 2778 270 2848 appellatur,
285 2777 415 2834 lentem
424 2779 611 2844 substituerunt,
628 2780 741 2834 nimirum
753 2778 807 2850 quia
819 2778 906 2833 satirae
916 2779 1031 2850 septimae
1039 2785 1102 2834 tenr-

122 2875 181 2932 pus,
193 2861 233 2917 oui
243 2876 309 2916 nune
317 2861 408 2920 Paridis
417 2863 494 2920 irrisio
505 2863 593 2919 inserta
605 2871 654 2933 est,
668 2877 725 2918 eum
736 2861 786 2933 ipsa
798 2861 869 2918 huius
879 2863 995 2918 irrisionis
1006 2864 1101 2935 origine

123 2945 296 3008 conmuerunm
314 2946 380 3018 qtrod
395 2962 426 3002 ne
441 2947 495 3019 quis
512 2955 594 3002 uetere
604 2947 652 3004 tide
665 2948 756 3003 ieonum
766 2945 898 3014 existimet,
911 2946 989 3002 eidem
1000 2947 1101 3002 Trsiarm

122 3029 232 3086 Paridem
243 3031 416 3100 pantomimum
427 3031 500 3086 tribui
515 3031 636 3098 aduertam
648 3031 722 3088 immo
732 3029 865 3086 rebellum
875 3029 972 3104 quidem
987 3030 1032 3085 suh
1044 3029 1100 3086 Tra·

122 3113 177 3172 iano
189 3113 214 3168 in
225 3111 322 3168 Sentias
332 3113 419 3170 iluihus
430 3122 528 3188 gestum
538 3116 662 3180 novimum
678 3114 774 3188 quodsi
789 3120 905 3187 mmnnns
915 3114 962 3177 illo,
978 3129 1052 3184 quom
1062 3113 1101 3169 lu·

121 3197 230 3255 tenuem
236 3197 383 3270 praefuturi
399 3198 481 3255 motis
498 3206 581 3255 eontra
590 3196 674 3256 Scotos
689 3199 793 3264 laoeret,
809 3195 858 3254 hoe
876 3197 1004 3253 elmerum
1018 3197 1101 3253 metis

121 3295 195 3336 oama
206 3281 292 3337 lenisse
302 3281 403 3348 dieitur,
419 3289 446 3338 ut
455 3281 490 3340 ihi
498 3282 679 3354 imerfioeutm,
696 3284 768 3338 etiam
778 3282 825 3338 hae
833 3281 967 3336 narratione
977 3281 1008 3338 ad
1017 3281 1101 3339 Domi·

121 3365 181 3422 tiani
193 3372 302 3436 tempora
312 3366 463 3434 remittimur,
475 3381 523 3437 quo
533 3367 665 3438 imperante
676 3365 790 3440 Agricola
799 3381 820 3421 a.
831 3367 867 3424 84
881 3378 907 3435 p.
920 3363 977 3422 Chr.
989 3365 1020 3422 ad
1032 3381 1100 3423 mon·

122 3453 173 3506 ten
185 3447 324 3520 Grampium
341 3465 398 3506 oum
408 3451 600 3521 septentrionalis
615 3451 751 3506 Britanniae
760 3448 856 3520 populis
875 3449 962 3505 aeriter
977 3449 1101 3514 eontlixitn

123 3531 226 3592 eiwon
237 3532 267 3588 ati
277 3532 352 3592 Teeit.
364 3533 447 3606 hgrio,
459 3549 484 3604 p.
492 3536 551 3593 tus
570 3533 649 3592 Unum
659 3539 733 3589 restat
744 3532 808 3604 quod
817 3547 849 3588 ne
858 3533 899 3590 ille
910 3533 1007 3606 quidem
1017 3545 1104 3605 quam·

1151 3771 1272 3964 A
