2552 4028
195 281 231 338 14
282 275 285 282 “
515 287 549 332 D.
573 285 645 332 1uu.
668 283 853 331 mvuuunrs

191 430 329 509 Pauperis
353 427 400 487 hic
420 425 569 501 meritum,
589 427 614 485 si
636 433 718 484 curet
739 432 825 484 nocte
847 429 964 498 togatus

192 512 334 589 Currere,
356 528 442 589 quum
462 519 581 588 praetor
602 509 735 569 lictorem
756 505 887 586 impellat
907 515 935 564 et
956 507 999 566 ire

190 598 384 676 Praecipitem
405 593 522 672 iubeat,
544 594 648 654 dudum
668 591 853 670 uigilantibus
877 589 966 666 orbis,

190 681 235 742 Ne
257 682 338 760 prior
359 678 494 739 Albinam
517 687 546 738 et
568 677 693 738 Modiam
716 675 833 752 collega
857 671 985 734 salutet?

190 766 293 826 Divitis
315 764 363 824 hic
386 764 464 822 servi
487 762 593 822 claudit
614 761 689 821 latus
711 761 900 836 ingenuorum

190 849 297 918 Filius;
321 849 396 909 alter
419 848 509 921 enim,
533 853 668 924 quantum
691 847 719 904 in
742 844 859 921 legione
880 842 986 904 tribuni

191 934 364 1013 Accipiunt,
388 932 475 992 donat
494 927 634 990 *Caluinae
655 930 704 989 vel
728 926 877 1000 Catienae,

191 1018 228 1079 Ut
247 1017 340 1077 semel
374 1028 422 1078 aut
453 1015 559 1076 iterum
590 1031 679 1093 snper
701 1013 778 1074 illam
801 1011 937 1091 palpitet:
960 1019 988 1070 at
1011 1021 1052 1088 tu,

191 1102 285 1177 Quum
306 1101 358 1160 tibi
377 1099 473 1158 uestiti
492 1098 586 1158 iacies
609 1098 699 1157 scorti
717 1097 833 1175 placet,
857 1095 962 1154 haeres

190 1185 228 1246 Et
249 1183 363 1244 dubitas
385 1183 443 1241 alta
466 1177 598 1240 Chionen
620 1181 767 1240 deducere
789 1179 873 1238 sella.

190 1270 235 1330 Da
257 1277 362 1327 testem
379 1265 489 1324 Romae
506 1273 563 1324 lam
583 1273 729 1340 sanctum,
754 1280 838 1342 quam
859 1263 912 1323 luit
934 1262 1043 1342 hospes

190 1352 319 1414 Numinis
343 1349 439 1423 Idaei,
462 1349 604 1427 procedat
624 1348 674 1408 vel
694 1346 785 1408 Numa
805 1348 854 1407 vel
879 1349 926 1426 qui

191 1437 326 1500 Servavit
345 1432 487 1513 trepidam
508 1432 639 1511 llagranti
659 1451 697 1492 ex
717 1432 791 1492 aede
813 1430 986 1492 lliuervam:

191 1522 324 1604 Prptinos
346 1520 382 1580 ad
403 1536 535 1587 censum3
560 1517 596 1577 de
618 1516 747 1576 moribus
769 1516 867 1576 ultima
890 1516 940 1576 liet

192 1605 348 1681 Quaestio:
373 1611 443 1682 quot
459 1603 552 1683 pascit
575 1598 699 1662 servos?
718 1610 789 1680 quot
809 1601 941 1680 possidet
960 1600 1023 1677 agri

190 1686 317 1767 Iugera?
340 1707 425 1767 quam
442 1688 530 1748 multa
552 1703 714 1765 magnaque
738 1685 896 1765 paropside
918 1680 1043 1744 coenat?

192 1775 334 1848 Quantum
358 1774 482 1851 quisque
505 1791 556 1832 sua
578 1787 756 1831 nummorum
778 1777 876 1830 servat
895 1771 924 1828 in
945 1785 1036 1843 area,¹

192 1858 313 1918 Tantum
334 1856 423 1915 habet
444 1865 473 1914 et
494 1856 576 1926 lidei;
599 1857 677 1915 iures
700 1854 771 1914 licet
793 1863 823 1914 et
843 1852 1062 1913 Samothracum

190 1941 228 2000 Et
248 1949 412 1998 nostrorum
434 1955 517 2013 aras,
542 1947 729 1998 contemnere
751 1937 868 1996 lulmina
890 1951 1002 2014 pauper

192 2023 431 2099 crediturasque
452 2021 542 2098 deos,
561 2022 604 2082 dis
626 2019 846 2099 ignoscentibus
868 2021 949 2098 ipsis.

192 2107 267 2184 Quid
288 2105 365 2184 quod
387 2105 536 2166 materiam
555 2104 677 2184 praebet
698 2121 860 2184 causasque
882 2105 1011 2164 iocorum

192 2189 329 2250 Omnibus
352 2188 399 2250 hic
420 2189 512 2266 idem,
534 2191 558 2248 si
578 2188 665 2249 foeda
690 2199 719 2248 et
741 2191 833 2250 scissa
856 2189 986 2264 lacerna,

191 2275 222 2336 Si
244 2283 314 2353 toga
334 2273 483 2334 sordidula
503 2282 548 2334 est
571 2282 600 2333 et
621 2282 705 2352 mpta
726 2273 844 2333 calceus
864 2273 941 2334 alter

191 2358 273 2419 Pelle
296 2367 391 2438 patet,
413 2357 463 2416 vel
485 2358 509 2417 si
532 2366 653 2418 consuto
677 2357 798 2418 vulnere
821 2374 948 2419 crassum

191 2442 288 2522 Atque
307 2460 414 2503 recens
436 2442 523 2502 linum
543 2443 670 2504 ostendit
691 2459 748 2502 nou
771 2461 826 2503 uua
847 2439 989 2502 cicatrix?

191 2526 237 2587 Nil
258 2526 347 2588 habet
369 2527 472 2588 infelix
486 2535 650 2606 paupertas
673 2527 771 2587 durius
793 2529 821 2585 in
844 2544 887 2600 se,

192 2611 284 2686 Quam
308 2611 385 2689 quod
406 2610 546 2670 ridiculos
568 2612 699 2669 homines
720 2610 798 2669 lacit.
844 2608 955 2681 llueat,
979 2605 1084 2682 inquit,

192 2693 223 2754 Si
245 2692 338 2769 pudor
361 2701 421 2767 est,
444 2702 472 2752 et
494 2693 530 2751 de
551 2692 667 2770 puluino
690 2699 789 2768 surgat
811 2691 951 2769 equestri,

193 2773 281 2835 Cuius
303 2793 352 2834 res
373 2774 433 2852 legi
455 2791 512 2833 nou
536 2773 659 2849 suflicit,
684 2783 713 2834 et
731 2775 852 2834 sedeant
872 2773 919 2833 hic

191 2859 338 2919 Lenonum
360 2859 444 2938 pueri
469 2876 652 2939 quocumque
672 2861 700 2919 in
722 2858 835 2920 iomice
855 2859 928 2926 nath

191 2943 245 3003 Hic
266 2942 384 3021 plaudat
405 2943 485 3004 nitidi
506 2943 661 3023 praeconis
682 2943 758 3004 lilius
779 2945 854 3004 inter

192 3028 336 3106 Piuuirapi
356 3027 449 3088 cultos
470 3030 592 3088 iuvenes
609 3028 790 3108 iuvenesque
812 3028 949 3088 lanistae:

193 3112 243 3173 Sic
258 3111 367 3173 libitum
384 3129 473 3190 vano,
494 3113 543 3191 qui
564 3127 618 3171 nos
640 3113 785 3188 distinxit,
807 3110 923 3172 Othoni.

194 3196 265 3272 Quis
286 3214 379 3273 gener
398 3196 445 3256 hio
468 3197 577 3275 placuit
600 3213 690 3256 censu
711 3197 804 3257 minor
821 3205 908 3277 atque
930 3194 1046 3275 puellae

194 3280 352 3340 Sarcinulis
375 3277 486 3360 impari
507 3282 571 3359 quis
592 3299 706 3360 pauper
725 3280 860 3341 scribitur
882 3275 991 3340 heresi

194 3363 316 3438 Quando
336 3367 364 3425 in
387 3365 508 3426 consilio
527 3373 573 3425 est
593 3362 758 3425 aedilibus?
779 3367 894 3443 agmine
915 3365 992 3425 lacto

194 3445 362 3508 Debuerant
382 3450 449 3510 olim
469 3459 571 3510 tenues
591 3451 735 3527 migrasse
757 3448 894 3523 Quirites.

194 3529 276 3591 llaud
296 3530 383 3592 iacile
407 3542 574 3611 emergunt,
598 3551 719 3614 quorum
738 3535 890 3595 uirtutibus
913 3532 1010 3592 obstat

1132 683 1185 739 lto

1131 1106 1184 1161 135

1130 1525 1185 1580 llo

1131 1946 1184 2000 las

1130 2367 1184 2420 lad

1130 2785 1184 2838 155

1130 3205 1181 3261 loo
