2552 4028
540 250 574 294 D.
597 249 667 296 IUN.
691 249 876 297 Iuvurmms

548 483 783 550 SATIRA
824 485 869 550 II.

217 597 302 696 Ultra
323 632 511 690 Sauromatas
529 629 633 706 fugare
656 631 722 692 hinc
744 631 816 692 libet
838 641 866 690 et
888 631 1045 709 glacialem

217 717 380 790 Oceanum,
403 716 516 794 quoties
539 715 647 794 aliquid
669 717 705 776 de
724 717 859 779 moribus
871 718 996 792 audoni,

217 801 271 874 Qui
293 798 395 859 Curios
418 799 549 860 simulant
572 809 602 859 et
622 801 814 862 Bacchanalia
835 802 941 869 vivunt

216 885 326 945 ludocti
350 886 484 963 primum;
507 903 678 963 quamquam
701 885 788 962 plena
810 887 905 945 omnia
925 902 1020 963 gypso

217 969 373 1047 Chrysippi
397 970 539 1036 invenias:
561 987 626 1030 nam
644 968 874 1047 perfectissimus
896 969 996 1032 borum
1016 978 1078 1047 est,
1187 985 1202 1036 a

217 1058 246 1113 Si
264 1056 335 1132 quis*
351 1051 530 1112 Aristotelen
561 1053 683 1113 similem
704 1053 752 1114 vel
774 1053 907 1114 Pittacon
926 1054 1014 1128 emit‚.

216 1137 249 1196 Et
272 1137 351 1195 iubet
372 1136 548 1213 archetypos
571 1137 698 1214 pluteum
721 1155 840 1198 servare
862 1134 1029 1199 Cleanthas.

216 1220 331 1280 Frontis
354 1219 431 1280 nulla
451 1220 540 1286 lides;
562 1221 634 1297 quis·
649 1221 723 1280 enim
744 1237 805 1280 uon
822 1221 904 1281 vicus
926 1219 1051 1281 abundat

216 1305 356 1364 Tristibus
379 1299 538 1363 obscenis?
567 1304 693 1381 castigas
715 1305 823 1382 turpia,
847 1323 933 1384 quum
955 1305 995 1363 sis

215 1389 292 1449 luter
315 1388 483 1448 Socraticos
503 1389 651 1448 notissima
674 1389 755 1449 iussa
778 1388 926 1449 cinaedos.
1170 1404 1202 1456 ιο

214 1472 333 1550 Hispida
355 1473 482 1532 membra
505 1472 619 1550 quidem
643 1483 673 1532 et
694 1473 783 1532 durae
803 1491 857 1551 per
878 1472 995 1534 brachia
1017 1482 1099 1538 setae

214 1557 383 1616 Promittunt
405 1565 534 1616 atrocem
556 1558 693 1626 animum;
718 1557 770 1618 sed
792 1556 898 1636 podice
917 1556 974 1616 leui

215 1639 381 1701 Caeduntur
400 1642 525 1702 tumidae
547 1642 663 1702 medico
686 1641 799 1702 ridente
821 1642 973 1704 mariscae.

215 1725 307 1784 liarus
326 1742 422 1784 sermo
445 1726 503 1785 illis
525 1735 554 1786 et
573 1745 676 1804 magna
698 1726 788 1788 libido
809 1726 925 1786 tacendi

215 1809 309 1885 Atque
331 1809 488 1886 supercilio
511 1810 630 1869 brevior
653 1828 745 1870 coma.
776 1811 882 1870 Verius
904 1826 990 1887 crgo¹
1171 1820 1202 1874 15

215 1892 250 1951 Et
272 1894 362 1968 magis
385 1893 510 1968 ingenue
532 1892 728 1960 Peribomius:
751 1894 826 1954 hunc
850 1910 907 1970 ego
928 1893 995 1954 latis

214 1975 341 2053 lmputo‚
362 1977 410 2052 qui
430 1976 510 2034 vultu
532 1975 661 2036 morbum
681 1978 855 2055 incessuque
875 1977 990 2036 latetur.

214 2059 321 2118 llorum
342 2058 511 2136 simplicitas
533 2059 724 2134 miserabilis,
744 2059 791 2119 his
810 2060 892 2119 furor
911 2061 975 2139 ipse

214 2143 269 2201 liat
290 2144 417 2210 veniam;
440 2143 491 2203 sed
514 2144 649 2221 peiores,
673 2145 720 2222 qui
742 2143 810 2204 talia
831 2144 932 2206 verbis

214 2226 349 2285 llerculis
372 2227 508 2286 invadunt
529 2235 558 2286 et
581 2227 622 2286 de.
639 2228 743 2287 virtute
765 2227 854 2288 locuti
1167 2240 1203 2294 2⁰

215 2307 335 2368 Cluuem
357 2312 474 2387 agitant.
505 2310 570 2388 ligo
592 2321 622 2371 te
645 2321 814 2389 caventem,
839 2313 947 2390 Sexte,
969 2308 1117 2376 verebor?

214 2393 329 2454 lniamis
351 2394 479 2455 Varillus
501 2397 553 2464 ait;
578 2414 634 2475 quo
658 2397 788 2458 deterior
809 2393 862 2457 te?

213 2478 388 2557 Loripedem
409 2490 508 2542 rectus
530 2481 678 2558 derideat,
701 2482 876 2560 Aethiopem
898 2481 996 2542 albus:

107 2635 111 2643 Ι
215 2562 286 2635 Quis
309 2565 408 2624 tulerit
429 2564 578 2626 Gracchos
600 2567 637 2626 de
660 2566 804 2626 seditione
827 2559 1006 2641 querentes?

215 2645 285 2718 Quis
310 2646 423 2706 coelum
443 2651 528 2707 terris
550 2666 607 2708 non
626 2649 746 2706 misceat
769 2655 798 2706 et
819 2663 897 2704 mare
920 2642 1022 2717 coelo,
1171 2661 1206 2714 25

215 2731 245 2786 si
267 2729 312 2786 lur
330 2729 484 2806 displiceat
504 2731 605 2802 Verri,
629 2729 773 2788 homicida
793 2727 909 2802 Miloni,

215 2807 334 2870 Clodius
358 2821 477 2871 accuset
499 2811 658 2884 moechos,
683 2809 804 2872 Catilina
827 2809 1006 2888 Cethegum,

216 2896 245 2955 ln
267 2894 392 2955 tabulam
414 2894 513 2955 Sullae
535 2897 559 2954 si
582 2896 677 2955 dicant
697 2894 830 2974 discipuli
853 2891 935 2956 tres?

215 2979 315 3052 Qualis
339 2989 401 3038 erat
422 2997 514 3058 nuper
536 2980 648 3056 tragico
672 2979 798 3057 pollutus
821 2980 935 3042 adulter
972 3055 975 3060 1

216 3061 393 3138 Concubitu,
416 3065 463 3140 qui
485 3071 552 3124 tuuc
574 3063 659 3140 leges
681 3064 840 3126 revocabat
861 3081 987 3126 amaras·
1166 3077 1203 3132 30

215 3146 352 3207 Omnibus
377 3156 462 3225 atque
485 3147 557 3224 ipsis
574 3140 686 3208 Veneri
706 3147 848 3228 Martique
871 3148 1028 3226 timendas,

215 3230 307 3304 Quum
328 3239 369 3288 tot
392 3231 530 3290 abortivis
548 3230 702 3292 fecundam
722 3231 792 3292 lulla
814 3232 927 3293 vulvam

215 3314 353 3372 Solveret
373 3322 402 3373 et
424 3323 526 3393 patruo
548 3315 657 3375 slmiles
679 3313 846 3376 effunderet
863 3317 945 3377 olias.

215 3396 316 3456 Nonne
339 3399 424 3475 igitur
446 3400 508 3459 iure
531 3418 565 3460 ac
586 3402 690 3461 merito
711 3401 780 3461 vitia
803 3401 899 3461 ultima
922 3401 1005 3460 lictos

216 3480 406 3542 Contemnunt
428 3484 554 3545 Scauros
577 3492 605 3544 et
626 3486 766 3566 castigata
783 3479 970 3544 remordenti
1170 3503 1204 3557 35
