2592 4022
485 257 612 308 sununs
631 261 682 310 ιι.
733 329 736 335 ¹
1039 250 1079 311 79

91 400 226 477 Namque
250 397 288 458 ibi
311 398 444 458 fortunae
468 399 581 458 veniam
606 398 715 460 damus.
755 398 830 460 Alea
851 401 952 480 turpis,

90 484 192 560 Turpe
216 491 244 541 et
268 481 438 543 adulterium
463 481 672 553 mediocribus;
701 483 775 544 lraec
800 482 902 544 eadem
926 484 968 545 illi

91 567 194 626 Omnia
221 583 306 645 quum
333 565 458 642 faciunt,
483 565 591 627 hilares
617 567 755 644 nitidique
777 577 926 627 vocantur.

91 649 201 710 Nostra
229 648 336 710 dabunt
361 648 436 711 alios
458 648 545 710 hodie
570 652 701 712 convivia
727 649 829 710 ludos:

91 734 236 795 Conditor
257 732 365 793 Iliados
387 732 550 793 cantabitur
572 744 659 814 atque
680 733 806 793 Maronis
1030 745 1079 802 180

91 818 220 878 Altisoni
246 815 359 877 dubiam
381 816 516 877 facientia
538 820 663 878 carmina
687 817 819 896 palmam.

91 901 170 975 Quid
192 901 297 976 refert,
321 900 396 960 tales
423 918 528 962 versus
555 919 611 982 qua
636 919 711 962 voce
736 897 888 980 legantur?

136 984 195 1044 Sed
220 1003 295 1046 nuuc
319 984 413 1044 dilatis
437 995 537 1045 auerte
559 987 678 1063 negotia
705 989 780 1046 curis

90 1069 131 1129 Et
157 1078 268 1146 gratam
290 1070 421 1147 requiem
447 1068 605 1145 donadini,
633 1069 747 1148 quando
770 1068 871 1130 licebit

91 1154 150 1214 Per
172 1161 262 1212 totum
288 1169 406 1212 cessare
430 1152 520 1222 diem:
546 1169 604 1214 nou
624 1154 734 1214 fenoris
759 1153 819 1214 ulla
1029 1165 1077 1222 185

91 1237 203 1297 Montio
226 1254 297 1312 uec,
326 1237 417 1315 prima
438 1238 465 1296 si
487 1237 553 1298 luce
580 1256 702 1316 egressa
724 1240 833 1299 reverti

91 1321 188 1380 Nocte
210 1319 303 1396 solet,
330 1321 417 1380 tacito
440 1319 527 1382 ltilem
551 1321 602 1382 tibi
626 1321 776 1382 contrahat
798 1338 882 1398 uxor,

91 1404 214 1466 Humida
237 1406 382 1484 suspectis
408 1405 542 1466 referens
567 1406 692 1466 multicia
715 1407 795 1482 rugis

91 1489 282 1567 Vexatasque
309 1505 406 1548 comas
435 1497 465 1548 et
488 1490 595 1550 vultum
619 1507 774 1567 auremque
798 1488 963 1549 calentem:

92 1573 227 1633 Protinus
250 1581 317 1632 ante
339 1590 434 1632 mcum
455 1573 592 1651 quidquid
618 1573 698 1633 dolet
720 1591 794 1632 exue
816 1568 913 1647 limen,
1026 1584 1078 1639 190

92 1657 174 1717 Pone
194 1655 307 1716 domum
328 1665 360 1716 et
383 1673 488 1716 servos
513 1664 542 1716 et
566 1657 705 1737 quidquid
729 1656 869 1733 frangitur
893 1656 951 1717 illis

93 1741 154 1799 Aut
175 1740 265 1817 perit;
293 1742 422 1818 ingratos
445 1748 511 1801 aute
536 1741 629 1801 omnia
651 1757 729 1819 poue
755 1738 882 1800 sodales.

93 1825 209 1886 loterea
232 1822 448 1901 Megalesiacae
473 1824 643 1903 spectacula
666 1841 789 1904 mappae

93 1907 211 1968 idaeum
236 1907 377 1967 sollemne
403 1908 518 1986 colunt,
544 1908 704 1987 similisque
728 1906 872 1985 triumpho
997 1927 1000 1934 ·

93 1993 205 2051 Praeda
228 1990 405 2052 caballorum
429 2001 547 2072 praetor
569 1993 652 2054 sedet
674 2012 723 2069 ac,
750 1991 818 2052 milri
841 2009 915 2071 pace
1025 2003 1076 2058 195

93 2076 253 2137 immensae
279 2077 440 2156 nimiaeque
466 2077 535 2138 licet
556 2080 581 2136 si
601 2077 700 2138 dicere
723 2076 830 2156 plebis,

92 2160 196 2219 Totam
220 2159 307 2221 lrodie
329 2160 448 2222 Romam
471 2163 565 2221 circus
589 2163 665 2240 capit
689 2171 718 2221 et
736 2162 838 2240 fragor
858 2177 956 2221 aurem

92 2245 237 2319 Perculit,
264 2253 398 2305 eventum
421 2245 519 2304 viridis
546 2263 604 2325 quo
631 2245 740 2322 colligo
765 2245 860 2323 panni.

92 2327 165 2386 Nam
188 2330 213 2388 si
237 2327 392 2403 deficeret,
421 2337 558 2388 maestam
582 2331 789 2408 attonitamque
809 2327 925 2388 videres

93 2412 174 2472 llauc
200 2411 315 2488 urbem,
341 2411 432 2472 veluti
458 2409 617 2472 Cannarum
638 2414 667 2471 iu
686 2410 808 2490 pulvere
833 2412 918 2470 victis
1025 2421 1077 2475 noo

94 2493 281 2556 Consulibus.
321 2496 460 2575 Specteut
482 2496 620 2572 iuvenes,
646 2512 720 2575 quos
745 2496 855 2555 clamor
877 2503 906 2554 et
929 2493 1022 2555 audax

93 2582 238 2657 sponsio,
265 2597 338 2658 quos
364 2580 459 2640 cultae
483 2580 568 2641 decet
593 2580 741 2640 assedisse
766 2577 898 2658 puellae;

91 2663 201 2724 Nostra
227 2663 305 2726 bibat
327 2682 446 2725 neruum
471 2673 620 2758 commota
641 2662 767 2724 cuticula
789 2663 883 2723 solem

91 2747 281 2827 Effugiatque
305 2757 413 2826 togam.
450 2747 508 2810 lam
532 2768 607 2809 nunc
627 2749 656 2808 in
677 2746 781 2809 balnea
802 2746 883 2809 salua

91 2831 202 2891 Fronte
227 2831 295 2891 licet
317 2831 424 2909 vadas,
449 2851 620 2912 quamquam
642 2831 735 2893 solida
760 2832 832 2894 lrora
856 2831 983 2910 supersit
1024 2841 1076 2895 20⁶

93 2912 142 2973 Ad
165 2923 285 2972 sextam.
327 2912 439 2975 Facere
463 2916 519 2975 hoc
541 2918 719 2997 nou-possis
740 2919 867 2997 quinque
889 2915 991 2974 diebus

94 2996 264 3075 Continuis,
285 2998 351 3075 quia
375 3007 439 3057 sunt
462 2999 527 3059 talis
550 3019 666 3080 quoque
692 3001 786 3060 taedia
808 3000 885 3058 vitae

93 3081 212 3159 illagna3
236 3081 402 3161 voluptates
424 3084 604 3145 commendat
626 3087 719 3145 rarior
740 3101 819 3143 usus.
