2592 4022
205 201 247 280 56
550 227 586 274 o.
608 223 680 272 nm.
703 223 890 272 rovensem

206 371 319 446 Quanta
341 375 436 428 autem
460 365 525 426 inde
552 366 633 427 ieres
654 373 711 424 tarn
732 363 813 425 dirae
835 364 964 440 praemia
986 367 1106 447 eulpae,

205 453 299 528 Quum
319 461 422 511 tenues
445 468 539 529 nuper
559 448 667 510 llarius
690 447 859 508 discinxerit
878 445 989 510 diros?
1150 465 1204 518 m

206 535 370 598 Curandum
391 535 420 594 in
442 535 558 613 primis,
582 551 619 592 ne
643 549 748 610 magua
771 532 873 592 iniuria
896 531 945 592 liat

204 620 341 682 Fortibus
361 627 391 678 et
406 619 530 679 miseris.
561 616 661 677 l'ollas
681 616 752 676 lieet
769 633 854 676 omne
876 616 954 693 quod
972 635 1094 697 usquam
1122 628 1172 680 est

205 705 278 766 Auri
300 712 387 782 atque
414 703 545 780 argenti,
572 709 684 761 sautum
705 699 891 778 gladiumque
913 700 1063 782 relinques

204 789 242 850 nr
263 787 388 850 iaculum
413 796 443 846 et
465 787 595 865 galeam:
621 784 754 863 spoliatis
777 801 855 844 arma
880 796 1044 863 supersunt.

206 872 292 948 Quod
318 870 405 932 modo
428 870 586 950 proposui,
608 884 666 928 non
688 877 734 928 est
757 868 914 938 sementim
936 887 1037 930 verum
1060 880 1122 940 est;
1149 883 1200 938 las

206 956 324 1018 Credite
346 974 393 1016 me
418 954 504 1015 vobis
526 953 627 1014 folium
649 953 779 1013 reoitare·
797 951 939 1027 Sibyllae.

205 1043 236 1104 Si
260 1039 313 1100 tibi
336 1046 436 1101 saneta
460 1039 568 1100 eobors
594 1039 729 1098 uomitum
769 1039 794 1097 si
816 1053 899 1096 uerno
923 1037 1048 1099 tribunal

203 1124 311 1185 Vendit
339 1139 561 1198 aoerseoomes,
589 1123 615 1182 si
637 1082 745 1181 rullnd
769 1122 797 1180 in
819 1122 945 1198 eoniuge
970 1123 1091 1200 erimen,

204 1209 268 1272 Neo
292 1224 347 1285 per
368 1214 529 1266 conventus
551 1215 581 1265 et
604 1213 707 1266 anneta
729 1222 783 1284 per
806 1204 911 1284 oppida
932 1207 1030 1272 eurvis

204 1289 355 1368 Unguibus
377 1291 420 1350 ire
443 1298 528 1367 parat
549 1305 678 1349 nummos
700 1298 818 1368 raptura
840 1286 986 1351 Celaeno:
1145 1300 1200 1354 lito

205 1376 248 1437 Tu
270 1374 340 1435 lieet
363 1392 380 1436 a
405 1374 475 1433 Pieo
502 1391 638 1434 numeras
659 1392 768 1452 genus,
798 1373 913 1452 altaque
936 1375 962 1433 si
983 1381 1013 1432 te

204 1459 327 1536 Nomina
354 1457 516 1534 delectant,
541 1474 655 1518 omnem
678 1457 808 1518 Titanida
833 1474 957 1535 pugnam

205 1543 283 1606 turer
310 1543 437 1603 maiores
463 1543 616 1621 ipsumque
639 1540 812 1602 Promethea
835 1558 943 1620 ponas:

204 1628 250 1689 De
274 1645 457 1707 quorumque
480 1626 566 1688 voles
589 1643 728 1705 proavum
752 1624 803 1685 tibi
826 1626 929 1686 sumito
953 1625 1039 1686 libro.

205 1711 339 1788 Quodsi
363 1711 554 1790 praeeipitem
579 1712 655 1789 rapit
680 1709 797 1770 ambitio
824 1708 1036 1789 aequalitate,

206 1797 237 1856 Si
259 1795 370 1872 frangis
392 1796 491 1872 virgas
514 1797 660 1856 sociorum
682 1794 889 1872 insanguine,
912 1795 937 1854 si
960 1803 989 1855 te

208 1878 362 1944 Delectant
384 1878 510 1938 hebetes
532 1878 611 1939 lasso
636 1879 740 1940 liotore
763 1895 904 1938 seoures:

205 1963 310 2040 lneipit
332 1963 461 2040 ipsorum
480 1970 580 2022 eontra
605 1971 635 2023 te
657 1971 735 2024 stare
759 1970 909 2042 parantum

204 2046 349 2108 Nobilitas
374 2045 538 2124 claramque
562 2045 657 2106 iaoem
679 2045 831 2124 praeierre
856 2045 1007 2126 pudendis.

206 2129 297 2190 Omne
319 2130 404 2190 animi
428 2129 527 2189 vitium
550 2137 629 2190 tanto
653 2130 840 2209 eonspeotius
862 2132 890 2189 in
911 2147 945 2190 se

207 2212 323 2274 Crimen
346 2212 453 2289 babel,
475 2223 581 2293 quanto
605 2215 697 2275 maior
718 2216 767 2294 qui
790 2221 895 2292 peaeat
921 2212 1052 2274 babetur.

205 2296 270 2373 Quo
293 2296 361 2358 milri
381 2305 411 2358 te
433 2297 548 2360 solitum
570 2299 660 2361 falsas
683 2298 801 2376 signare
822 2297 947 2360 tabellas

204 2379 236 2442 ln
264 2381 395 2461 templis,
426 2401 500 2462 quae
526 2383 704 2460 feriturus,
731 2390 912 2461 motuumque
935 2381 1077 2461 parantis·

203 2465 280 2526 Ante
307 2465 527 2546 triumphalem?
552 2485 626 2546 quo,
648 2469 675 2528 si
699 2475 856 2529 noeturnns
878 2466 990 2527 adulter

203 2549 349 2629 Tempora
371 2550 529 2612 Santonico
555 2552 639 2612 velas
663 2552 805 2630 adoperta
826 2547 965 2611 ououllol

245 2633 366 2694 Praeter
389 2636 528 2695 maiorum
555 2636 668 2694 eineres
690 2644 778 2712 atque
800 2651 871 2696 ossa
893 2634 1007 2694 volueri

203 2714 349 2794 Carpento
375 2719 485 2796 rapitur
509 2719 623 2797 pinguis
645 2716 821 2796 Lateranus,
850 2720 985 2797 etipse,

203 2799 270 2879 lpse
297 2807 388 2861 rotam
414 2801 545 2878 astringit
569 2800 658 2862 multo
681 2801 844 2864 sufflamine
870 2802 982 2878 consul,

203 2882 297 2944 Noote
324 2883 457 2963 quidem
483 2885 536 2945 sed
558 2885 625 2946 luna
646 2887 743 2964 videt,
768 2889 821 2949 sed
844 2887 940 2950 sidera
961 2893 1054 2947 testes

202 2967 355 3030 intendunt
375 2968 489 3038 oeulos.
526 2967 647 3030 diuitum
670 2981 785 3051 tempus
808 2971 928 3032 honoris

203 3051 294 3127 Quum
317 3054 421 3130 luerit,
447 3054 528 3116 alara
551 3054 709 3116 Lateranus
737 3056 804 3116 luoe
828 3055 976 3134 flagellum

202 3137 302 3198 Sumet
324 3147 353 3198 et
375 3154 527 3199 oooursum
549 3156 701 3218 numquam
721 3139 877 3219 trepidabit
900 3140 982 3201 amioi

202 3221 261 3282 lam
284 3222 379 3299 senis,
405 3240 440 3284 ae
462 3224 545 3302 virga
567 3225 647 3302 prior
670 3234 775 3285 annuet
799 3233 886 3304 atque
907 3223 1051 3304 maniplos

203 3305 307 3366 Solvet
328 3315 358 3367 et
383 3307 512 3368 infundet
534 3307 666 3368 iumentis
689 3307 800 3370 hordea
822 3308 917 3370 lassis.

204 3387 334 3466 lnterea,
362 3391 426 3451 dum
450 3391 560 3453 lanatas
583 3391 744 3471 robumque
768 3393 920 3454 iuvencum

204 3469 288 3532 blora
310 3471 419 3536 Numae
443 3475 537 3536 oaedit
559 3475 638 3536 lovis
661 3485 727 3538 ante
751 3476 868 3544 altaria,
895 3478 969 3538 iurat
