2592 4022
222 243 263 303 74
567 248 603 296 ι).
616 249 699 296 rum
721 249 909 297 memsuis

221 391 340 456 Fortem
361 404 454 468 posce
477 389 616 465 animum,
638 389 739 447 mortis
760 396 876 447 terrore
898 398 1056 465 carentem,

223 475 280 551 eri
300 474 422 553 spatium
451 474 528 532 vitae
554 480 712 532 extremum
737 473 813 530 inter
836 491 954 536 munera
975 483 1066 550 ponat

222 559 367 633 Naturae,
398 558 446 636 qui
468 557 548 617 ierre
572 565 659 634 queat
684 572 884 634 quoscumque
909 557 1039 634 labores,

221 643 344 704 Nesciat
364 643 468 719 irasci,
492 642 590 720 cupiat
612 639 683 700 nihil
704 649 735 698 et
755 642 889 718 potiores
1167 653 1217 708 seo

221 724 357 786 llerculis
381 743 533 785 aerumnas
559 723 659 785 credat
685 741 851 802 saevosque
873 725 993 785 labores

221 809 260 872 Et
281 809 399 870 Venere
423 818 452 868 et
477 810 578 870 coenis
599 816 630 867 et
653 809 749 886 pluma
774 807 984 888 Sardanapalli.

221 893 353 956 lloustro
376 894 457 973 quod·
476 895 540 974 ipse
563 892 615 952 tibi
640 893 738 971 possis
764 892 850 960 dare;
876 894 978 954 semita
999 901 1085 953 certe

222 978 408 1057 Tranquillae
435 995 490 1057 per
509 979 643 1037 virtutem
666 985 747 1055 patet
768 977 853 1036 unica
875 979 962 1038 vitae.

221 1061 338 1122 Nullum
358 1079 461 1122 uumeu
482 1062 581 1137 abest,
606 1063 630 1119 si
653 1061 691 1120 sit
708 1061 875 1139 prudentia;
898 1077 954 1120 uos
974 1070 1004 1120 te
1167 1073 1214 1128 ³65

222 1144 284 1205 llos
306 1146 444 1222 facimus,
468 1145 613 1222 Fortuna,
640 1145 723 1206 deam
748 1144 894 1222 coeloque
915 1145 1056 1206 locamus.

550 1465 785 1530 SATIRA
815 1465 877 1530 XI.

220 1595 341 1688 Atticus
366 1624 472 1684 eximie
492 1626 516 1684 si
541 1634 662 1700 coenat,
686 1625 780 1685 lautus
801 1623 939 1692 hebetum

222 1712 253 1772 Si
275 1707 404 1784 Rutilus,
430 1707 560 1770 demens.
595 1709 669 1781 Quid
693 1711 768 1768 enim
792 1709 901 1769 maiore
926 1705 1067 1769 cachinno

221 1793 374 1871 Excipitur
398 1791 495 1870 vulgi,
521 1811 605 1873 quam
628 1810 740 1873 pauper
763 1789 904 1872 Apicius?
925 1793 1016 1853 omnis

223 1875 396 1951 Convictus,
419 1873 565 1953 thermae,
594 1879 751 1952 stationes,
772 1893 857 1936 omne
879 1876 1022 1936 theatrum

221 1960 267 2021 De
293 1958 401 2019 Rutilo.
435 1958 507 2020 Nam
533 1960 599 2022 dum
622 1961 718 2022 valida
743 1979 778 2022 ac
801 1960 945 2022 iuvenalia
969 1961 1100 2022 membra
1201 1977 1214 2027 t

223 2043 377 2106 Sufficiunt
402 2042 523 2120 galeae,
551 2044 676 2123 dumque
700 2044 802 2105 ardent
827 2045 983 2123 sanguiue,
1009 2046 1117 2123 lertur,

221 2127 288 2188 Nou
313 2136 438 2205 cogente
462 2127 594 2205 quidem,
619 2126 750 2189 seduco
774 2129 948 2207 prohibente
971 2129 1098 2205 tribuno,

223 2211 390 2289 scripturus
413 2210 498 2289 leges
525 2221 554 2271 et
580 2213 661 2290 regia
686 2212 776 2273 verba
799 2213 930 2274 lanistae.

222 2293 330 2356 lllultos
352 2311 441 2373 porro
467 2294 565 2372 vides,
590 2313 664 2374 quos
688 2315 778 2375 saepe
805 2297 905 2357 elusus
930 2297 966 2358 ad
992 2298 1086 2377 ipsum

224 2377 359 2440 creditor
381 2380 526 2440 introitum
551 2380 630 2441 solet
652 2389 826 2460 exspectare
850 2379 978 2456 macelli,
1187 2397 1216 2448 ro

223 2462 260 2524 llt
287 2461 390 2542 quihus
412 2463 440 2523 iu
464 2463 528 2525 solo
552 2464 668 2526 vivendi
692 2482 779 2525 causa
802 2465 900 2542 palato
925 2472 979 2524 est.

223 2545 369 2626 Egregius
394 2557 499 2608 coenat
520 2549 683 2628 meliusque
703 2550 880 2611 miserrimus
902 2547 1004 2608 luorum

223 2630 260 2691 Et
286 2632 343 2690 cito
369 2648 488 2690 casurus
514 2634 568 2692 iam
591 2632 761 2710 perlucente
788 2634 879 2694 ruiua.

223 2712 337 2774 Interea
362 2722 462 2790 gustus
485 2715 629 2776 elementa
653 2734 708 2794 per
730 2718 824 2776 omuia
847 2723 998 2796 quaeruut,

222 2793 384 2876 Numquam
411 2798 504 2857 animo
526 2800 627 2875 pretiis
654 2799 849 2868 obstantibus;
877 2801 996 2860 interius
1019 2800 1044 2859 si
1186 2815 1213 2866 15

224 2880 382 2957 Attendas,
406 2882 498 2958 magis
520 2880 569 2943 illa
592 2884 703 2960 iuvant,
728 2902 803 2963 quae
827 2883 917 2963 pluris
941 2892 1102 2963 emuntur„

223 2963 303 3044 Ergo
326 2963 401 3024 haud
426 2965 545 3028 dillicile
568 2977 613 3030 est
638 2970 794 3046 perituram
817 2985 971 3028 arcessere
995 2986 1145 3046 summam,

223 3048 365 3110 lancibus
391 3051 535 3129 oppositis
560 3051 609 3114 vel
633 3054 731 3113 matris
753 3053 877 3130 imagine
900 3052 1003 3128 tracta,
1047 3061 1049 3066 '

224 3131 261 3194 llt
287 3133 502 3212 quadringentis
526 3137 646 3196 nummis
672 3136 790 3197 condire
814 3137 951 3214 gulosum

224 3215 344 3280 Fictile:
369 3219 412 3278 sic
432 3220 551 3280 ueniunt
578 3219 613 3280 ad
649 3221 826 3282 miscillanea
848 3219 916 3281 ludi.
1180 3232 1214 3284 m

224 3299 328 3361 lielert
353 3319 440 3381 ergo,
466 3305 530 3383 quis
553 3304 628 3365 haec
653 3303 754 3364 eadem
782 3313 880 3382 paret:
904 3305 932 3364 iu
955 3301 1052 3364 Rutilo
1077 3319 1143 3364 uam

224 3383 348 3456 luxuria
373 3395 435 3464 est,
461 3389 489 3447 iu
512 3387 647 3449 Ventidio
673 3386 817 3449 laudabile
839 3404 945 3447 nomeu

224 3467 315 3528 Sumit
341 3478 370 3529 et
392 3489 408 3531 a
431 3489 520 3532 censu
543 3471 645 3533 lamam
660 3471 764 3532 trahit.
801 3470 884 3532 lllum
909 3487 965 3549 ego
987 3470 1050 3531 iure
