2552 4028
444 255 571 303 suntne
592 255 640 304 vr.
910 267 912 271 ·
1015 245 1055 308 35

61 395 147 469 Quae
170 393 245 473 luglt
266 412 283 454 a
306 390 401 455 sexul
434 392 523 455 Vires
545 391 640 456 amati
665 393 740 458 baec
760 403 857 462 tannen
880 397 944 476 ipsa

59 480 115 540 Vir
136 477 228 539 uellet
250 477 328 547 lieris
352 494 417 539 nem
440 478 579 556 quartale
597 487 697 540 nestra
718 480 869 560 voluptas!

61 561 157 637 Quale
180 562 272 622 decus
294 579 407 638 rerum,
432 562 457 622 si
480 562 613 640 coniugis
636 563 741 626 apetie
755 563 815 642 liat,
1003 576 1055 633 neu

58 647 181 710 Balteus
204 654 234 706 et
254 646 386 710 manicae
409 653 439 706 et
460 648 567 708 cristae
591 647 744 726 crurisque
766 649 875 712 sinistri

58 731 216 793 Dimidium
241 730 383 808 tegimen
405 729 456 790 vel
479 731 505 791 si
525 729 641 792 diversa
663 730 793 794 merebit

59 815 198 892 Proelia,
221 821 251 874 tu
271 813 362 890 felir,
386 829 491 874 ece-eas
512 814 659 876 vendente
681 813 799 892 puella!

57 899 123 960 Hae
146 906 229 972 sunt,
255 915 331 976 quae
357 899 436 959 tenui
458 897 561 960 sudant
582 898 612 958 in
633 897 774 974 cyclade,
798 917 918 979 wentae

56 982 193 1044 Delicias
215 990 245 1041 et
266 981 438 1061 panniculus
461 981 753 1056 hamerslenensis?
1004 992 1061 1052 teo·

58 1066 190 1144 Aspice,
214 1081 273 1144 que
297 1065 412 1126 fremitu
434 1073 612 1128 mensuales
634 1065 766 1144 perferet
787 1066 873 1143 ictus,

57 1149 99 1211 Et
121 1156 229 1228 quam
252 1149 359 1226 galeae
385 1159 521 1211 curretur
543 1149 695 1228 pendere,
718 1160 823 1228 quauta

58 1231 224 1313 Peplitibes
248 1233 353 1294 sedeat
374 1250 458 1312 quarn
479 1234 572 1298 dense
594 1233 687 1296 lascis
711 1233 798 1310 libre,

57 1317 99 1378 Et
121 1315 201 1393 ride,
224 1317 329 1396 peritis
351 1316 501 1396 scaphium
522 1335 609 1397 quum
631 1318 752 1382 sumitur
774 1319 877 1384 arnis„

57 1400 159 1463 Dicite
179 1416 235 1460 ves
258 1404 368 1479 neptes
382 1399 485 1480 Lepidi
507 1401 628 1466 caeciae
649 1399 774 1477 Metelli,
1003 1411 1056 1472 nea

58 1483 190 1562 Gurgitis
212 1493 261 1544 aut
282 1483 381 1561 Fabii,
404 1501 480 1564 quae
500 1484 578 1548 tutta
598 1485 756 1563 sumpserit
774 1501 907 1564 umquem

56 1567 123 1629 lles
145 1566 276 1638 babitus;
300 1567 415 1649 pende
438 1568 476 1630 ad
497 1569 594 1647 palum
616 1577 716 1646 gemm
737 1585 813 1632 uren
832 1565 939 1644 Asyli?

104 1652 230 1730 Semper
249 1651 339 1712 babet
360 1651 432 1712 lites
452 1651 623 1729 altemuque
645 1652 740 1728 iurgia
761 1651 868 1728 lectus,

56 1737 93 1798 ln
116 1750 175 1814 que
196 1743 284 1812 nupta
305 1736 398 1802 iccata
419 1731 566 1810 miniuunn
584 1735 723 1800 termut
743 1735 772 1794 in
793 1735 856 1802 ille.

57 1819 157 1894 Quum
179 1817 351 1895 granicilla
373 1818 455 1894 nire,
479 1825 547 1886 tunc
569 1817 642 1882 erba
663 1818 771 1895 tigride
792 1819 878 1897 pelen
1004 1829 1056 1890 tle

59 1901 170 1984 [Quum
193 1900 308 1962 simulet
330 1902 454 1979 multus
476 1900 588 1966 eeeulti
607 1902 725 1968 ceuscia
747 1901 866 1982 laetiq·

58 1986 121 2047 Aut
143 1983 205 2046 edit
225 2001 352 2065 pueros,
378 1994 427 2052 sset
448 1984 516 2050 licta
541 1985 652 2065 pellice
674 1985 782 2065 pluant,

57 2068 208 2130 Uberibus
231 2087 349 2149 semper
368 2068 494 2132 lecuiunis
516 2087 694 2150 semperque
714 2071 823 2149 peratis

57 2153 94 2214 lu
115 2153 241 2214 statione
263 2171 316 2213 sua
337 2162 426 2232 atque
447 2153 686 2234 exspectantibus
706 2153 797 2231 illurn,

59 2235 128 2310 Que
153 2236 251 2298 lubeat
275 2255 391 2298 manare
411 2238 515 2300 mede:
538 2248 569 2299 tu
591 2238 688 2300 credis
710 2254 849 2314 amerenq
1002 2246 1054 2306 ile

59 2319 105 2380 Τιι
126 2319 178 2380 tibi
202 2329 271 2381 tunc
294 2320 392 2382 Unuca
415 2321 517 2400 places
535 2321 697 2399 'fletumque
720 2321 837 2388 labellis

59 2402 232 2481 Exserbes‚
255 2421 331 2483 quae
352 2405 463 2482 scripta
485 2413 515 2464 et
536 2413 610 2483 quet
629 2404 743 2468 lectuna
766 2403 903 2480 tabellas,

60 2487 93 2549 Si
114 2486 166 2548 tibi
187 2487 344 2567 zelotypae
366 2495 538 2565 retegentes
557 2486 670 2550 serinia.
685 2485 844 2551 meeebaa!

60 2570 122 2633 Sed
147 2572 225 2633 iacet
243 2573 273 2634 in
298 2572 377 2634 servi
399 2569 602 2650 complexibus
627 2577 678 2632 aut
699 2570 820 2649 equitie;
844 2568 902 2647 dic,
986 2631 990 2640 ,

58 2654 118 2715 itte
140 2654 282 2735 aliquem,
305 2655 412 2732 sedes,
435 2654 501 2731 bic,
525 2652 718 2731 Quintiliane,
743 2652 889 2724 celerem!
1002 2663 1055 2724 nae

58 2736 237 2808 llaeremus;
261 2739 309 2802 ulie
328 2739 406 2820 ipset
419 2771 462 2793 -ι-
485 2737 560 2806 (itin
581 2747 776 2815 conuenerat,
799 2738 901 2818 inque

58 2821 99 2883 Ut
123 2821 241 2883 laceres
262 2832 309 2900 tu,
332 2823 411 2903 qued
431 2823 545 2900 valles,
567 2839 624 2890 uae
646 2840 705 2887 neu
728 2840 786 2902 ege
809 2840 928 2903 pessare

57 2905 222 2984 Indulgere·
241 2906 325 2969 milri:
351 2906 460 2972 clames
482 2907 553 2970 licet
575 2915 605 2966 et
625 2925 706 2976 mure
729 2907 819 2972 coele

60 2987 247 3068 (leniendas,
270 2990 357 3051 herne
379 3009 452 3058 snm.
477 3024 521 3038 -
542 2989 621 3058 Nihil
643 3000 689 3057 est
712 2991 852 3062 audaciae
870 2985 952 3058 illit'

59 3069 242 3154 Deprensis:
268 3075 340 3136 iram
363 3083 451 3153 atque
474 3074 586 3142 salmes
611 3093 635 3138 e
653 3076 774 3144 erimine
792 3080 918 3144 sumunt
1001 3081 1054 3144 nti

103 3156 188 3221 Unde
210 3157 285 3219 baec
306 3168 434 3223 menstra
455 3167 551 3228 tamen
574 3159 624 3226 sel
647 3158 754 3238 quode
775 3159 875 3234 tenta,
897 3153 1043 3236 requietis?

59 3241 233 3305 Praestabat
259 3251 355 3304 castas
377 3243 494 3304 humilis
511 3243 627 3310 loetum
649 3243 765 3311 Latinas

61 3323 233 3404 Quendam,
255 3344 312 3387 nee
332 3327 409 3388 vitiis
432 3327 561 3406 eeutinqi
583 3345 673 3407 parva
696 3325 830 3392 sinebant

61 3410 154 3474 'lecta
176 3411 261 3478 leber
282 3411 433 3490 somnique
454 3409 561 3473 breves
585 3420 615 3473 et
643 3410 754 3474 uellere
775 3409 872 3472 'lusce

60 3495 196 3558 vexatae
218 3496 368 3575 duraeque
387 3512 487 3558 manus
513 3514 548 3560 ac
569 3496 717 3574 proximus
741 3491 818 3638 urbi³
832 3572 849 3612 ὴ
1001 3503 1053 3560 290
