2592 4022
516 273 642 321 saruch
664 277 721 323 XV.

121 408 282 489 Numquam
303 411 380 472 allud
403 420 522 489 natura,
547 412 624 474 aliud
648 416 789 492 sapientia
813 419 891 479 dicit.

121 494 249 555 Acribus
271 495 416 573 exemplis
439 495 543 556 videor
565 505 594 556 te
621 496 780 560 claudere?
801 503 892 563 misce

121 578 202 656 Ergo
226 578 334 657 aliquid
357 580 465 639 nostris
488 580 526 640 de
548 581 693 659 moribus,
717 584 804 645 allice
827 605 975 666 summam,

120 663 170 722 Bis
192 671 308 741 septem
331 663 480 723 ordinibus
505 683 589 743 quam
615 665 665 725 lex
686 666 819 746 dignatur
841 669 972 732 Othonis.

8 809 9 830 χ
120 745 202 807 Haec
226 765 343 826 quoque
366 749 391 806 si
409 766 511 826 rugam
533 748 620 810 trahit
642 753 831 832 extenditque
854 754 1002 834 labellum,
1062 771 1114 826 333

122 831 210 892 Sume
239 831 313 891 duos
337 833 468 910 equites,
492 833 540 893 lac
564 837 648 894 tertia
672 837 892 915 quadringenta.

122 915 153 975 Si
175 915 301 975 nondum
320 916 439 994 implevi
461 919 619 995 gremium,
646 920 670 978 si
694 922 827 998 panditur
849 923 935 998 ultra,

121 997 185 1058 Nec
209 997 316 1060 Croesi
338 1001 453 1061 fortuna
477 1020 610 1080 umquam
636 1020 693 1063 uec
714 1004 834 1067 Persica
856 1025 947 1084 regna

123 1083 274 1144 Sufficiant
296 1087 390 1145 animo
412 1103 469 1144 neo
492 1087 609 1146 divitiae
632 1086 773 1165 Narcissi,

121 1165 242 1226 indulsit
265 1165 376 1230 Caesar
399 1171 445 1229 cui
471 1167 610 1230 claudius
633 1172 744 1249 omnia,
768 1175 848 1234 cuius
1062 1186 1115 1241 330

121 1250 219 1311 Paruit
241 1253 372 1333 imperils
394 1270 517 1314 uxorem
542 1255 681 1315 occidero
703 1258 809 1318 iussus.

452 1524 686 1588 SATIRA
714 1525 790 1589 XV.

121 1621 199 1726 (huis
224 1655 335 1731 nescit,
361 1655 465 1716 Volusi
487 1655 657 1731 Bithynice,
682 1656 780 1735 qualia
804 1656 923 1718 demens

121 1741 276 1817 Aegyptus
297 1748 433 1819 portenta
456 1737 555 1800 eolat?
580 1739 752 1801 crocodilon
774 1741 876 1803 adorat

121 1823 191 1884 Pars
213 1823 305 1898 haec,
328 1823 378 1884 illa
401 1833 490 1902 pavet
511 1833 633 1885 saturam
654 1824 842 1898 serpentibus
866 1826 932 1884 ibin.

121 1907 245 1985 Elligies
268 1908 346 1968 sacri
369 1910 440 1967 nitet
463 1925 552 1968 aurea
574 1907 785 1985 cercopitheci,

3 2019 4 2032 κ
121 1991 246 2052 Dimidio
269 1993 402 2069 magicae
428 2001 566 2053 resonant
589 1991 637 2051 ubi
659 1990 814 2053 Memnone
840 1992 967 2054 chordae
1098 2005 1114 2057 5

121 2071 219 2156 Atq'ue
242 2083 326 2135 vetus
351 2074 453 2136 Thebe
479 2086 592 2137 centum
616 2079 693 2137 iacet
718 2077 822 2138 obruta
844 2079 946 2157 portis.

119 2160 185 2220 Illic
208 2158 343 2237 aeluros,
367 2159 416 2220 bic
437 2162 549 2239 piscem
573 2161 712 2239 huminis,
737 2163 799 2222 illic

121 2243 237 2322 Oppida
258 2253 319 2305 tota
344 2262 446 2304 canem
467 2255 661 2322 venerantur,
684 2264 770 2306 nemo
792 2245 922 2307 Dianam.

120 2327 239 2388 Portum
263 2337 293 2388 ct
312 2346 405 2408 caepe
423 2327 507 2388 nefas
529 2329 643 2390 violare
666 2338 695 2389 et
713 2329 850 2406 frangere
876 2347 990 2391 morsu:

121 2411 144 2471 0
169 2421 285 2473 sanctas
308 2421 431 2490 gentes,
457 2411 559 2492 quibus
581 2411 656 2473 haec
678 2421 834 2473 naseuntur
855 2415 884 2471 in
906 2413 998 2475 hortis
1079 2427 1113 2478 lo

120 2494 256 2557 Numina!
291 2494 407 2557 Lanatis
430 2497 598 2557 animalibus
620 2496 745 2557 abstinet
769 2498 861 2556 omnis

120 2579 239 2655 biensa,
262 2580 346 2641 nefas
368 2579 428 2640 illic
451 2581 540 2641 fetum
563 2580 696 2657 iugulare
719 2580 869 2659 capellae:

121 2661 263 2725 Gamibos
289 2664 417 2726 humanis
440 2665 522 2724 vesci
545 2664 625 2724 licet.
658 2663 790 2724 Attonito
811 2683 896 2744 quum

119 2747 192 2809 'lale
216 2767 306 2829 super
328 2765 449 2809 coenam
476 2749 587 2809 lacinus
607 2757 738 2809 narraret
758 2747 862 2810 Ulixes

119 2832 263 2910 Alcinoo,
289 2831 378 2894 bilem
400 2843 447 2894 aut
466 2834 554 2892 risum
577 2832 703 2893 fortasse
727 2833 898 2912 quibusdam
1079 2835 1116 2890 15'

118 2915 268 2992 Moverat,
291 2925 322 2978 ut
343 2916 467 2977 mendax
488 2916 670 2994 aretalogus:
700 2916 733 2976 ln
754 2937 834 2978 mare
857 2935 942 2978 nemo

119 2997 201 3062 Hunc
226 3001 332 3077 abicit,
355 3018 445 3062 saeva
467 3001 583 3077 dignum
606 3018 734 3079 veraque
756 2998 916 3076 Charybdi,

119 3084 290 3164 Fingentem
311 3086 449 3146 immanes
470 3083 687 3161 Laestrygonas
710 3094 797 3163 atque
819 3081 989 3162 Cyclopas?

120 3170 191 3230 Nam
214 3171 297 3230 citius
321 3170 450 3246 Scyllam
472 3169 522 3229 vel
544 3171 748 3230 concurrentia
771 3187 841 3230 saxa

120 3251 246 3330 Cyaneis
269 3254 375 3333 plenos
400 3264 430 3315 et
450 3254 671 3333 tempestatibus
694 3263 774 3314 utres
1075 3263 1110 3316 20

120 3335 301 3400 Crediderim
328 3348 375 3399 ant
396 3340 474 3400 tenui
498 3356 668 3417 percussum
691 3337 818 3397 verbere
841 3335 942 3397 Circes

118 3420 156 3483 Et
179 3442 243 3485 eum
260 3423 418 3502 remigibus
440 3425 595 3502 grunnisse
617 3423 767 3501 Elpenora
789 3422 904 3500 porcis:

118 3504 189 3569 l'arn
211 3509 296 3569 vacui
320 3509 422 3587 eapitis
445 3509 583 3588 populum
603 3507 735 3568 Phaeaca
759 3501 951 3622 putavit‘l:t

906 3609 915 3647 l
