2552 4028
204 224 240 284 10
527 233 562 279 n.
585 231 656 278 nnn.
679 231 865 278 rnvnuanrs

199 372 237 436 Et
258 381 372 435 contum
394 381 423 432 et
445 372 547 449 Stygio
568 389 654 432 ranas
677 371 705 429 in
725 371 841 447 gurgite
861 372 968 448 nigras,
1139 384 1188 436 150

200 459 297 538 Atque
322 476 376 518 una
398 457 520 518 transire
543 454 646 518 vadum
667 463 711 514 tot
732 454 811 514 milia
840 455 952 530 cymba,

199 543 263 603 Nec
282 543 365 621 pueri
390 540 521 616 credunt,
541 541 595 600 nisi
618 541 666 618 qni
684 539 809 599 nondum
830 557 899 600 aere
922 539 1060 609 lavantur.

200 626 259 687 Sed
281 635 311 686 tn
328 643 401 687 vcra
422 633 504 704 puta:
529 621 632 684 Ourins
655 623 723 702 qnid
746 622 833 685 sentit
855 632 885 684 et
899 622 984 684 ambo

199 709 371 788 Scipiadae,
397 709 464 787 quid
485 707 636 769 Fabricius
656 724 814 785 manesque
838 705 962 783 Camilli,

200 793 274 868 Quid
297 791 456 853 cremerae
477 793 556 869 legio
578 801 608 852 ct
630 789 737 852 Cannis
755 801 924 870 ¹consumpta
945 792 1088 870 inventus,
1139 806 1188 858 155

198 876 256 938 'dot
277 877 421 938 bellorum
446 878 575 953 animae,
599 877 716 954 quoties
740 875 807 936 binc
828 875 894 936 talis
915 875 953 936 ad
974 876 1041 935 illos

200 961 306 1022 Umbra
325 958 424 1021 ueniti
447 969 588 1039 cuperent
606 961 735 1036 lustrari,
759 961 783 1020 si
802 977 857 1038 qua
872 961 1008 1021 darentur

200 1045 314 1107 Sullana
337 1063 400 1105 cum
428 1045 536 1118 taedis,
573 1052 603 1102 et
636 1044 757 1104 sileret
778 1043 1017 1104 humidalaurus.

199 1128 289 1205 Illuc,
312 1126 386 1203 hen,
408 1128 507 1187 miseri
529 1127 717 1188 traducimur!
740 1126 827 1188 Arma
851 1128 966 1205 quidem
989 1129 1064 1190 nitra

199 1211 295 1273 Litora
317 1209 460 1272 lubernae
483 1212 679 1288 promovimus
701 1219 730 1270 et
751 1211 838 1272 modo
862 1220 963 1291 captas
1140 1226 1192 1282 16⁰

201 1293 331 1355 Orcadas
353 1313 388 1354 ac
407 1295 521 1354 minima
544 1304 696 1356 contentos
719 1305 806 1356 nocte
829 1295 995 1371 britannes3

196 1378 259 1440 Sed
279 1397 354 1458 qnae
377 1397 451 1439 nnnc
473 1379 573 1457 populi
593 1380 662 1442 liunt
683 1379 803 1441 victoris
825 1382 853 1440 in
876 1381 959 1458 urbe,

198 1462 265 1533 Non
286 1463 393 1522 lacinnt
414 1463 472 1540 illi,
496 1481 570 1541 quos
588 1465 719 1524 vicimus.
764 1463 801 1526 Et
822 1475 917 1527 tamen
940 1485 1011 1529 uuus

200 1546 356 1607 Armenius
378 1547 502 1609 Zalaces
526 1549 636 1610 cunctis
657 1558 788 1610 narratur
807 1550 931 1630 ephebis

199 1629 316 1692 Mollior
338 1634 450 1694 ardenti
472 1651 540 1694 sese
562 1633 717 1694 indulsisse
739 1636 863 1696 tribuno.
1139 1647 1190 1702 165

203 1714 329 1795 Aspice,
351 1717 419 1795 qnid
440 1716 548 1779 iaciant
571 1719 760 1780 commercia!
783 1729 904 1782 venerat
925 1719 1029 1794 obses,

198 1799 253 1859 Hic
273 1800 342 1860 flunt
363 1801 505 1862 homines.
550 1801 622 1862 Nam
645 1805 669 1862 si
690 1822 770 1864 mora
792 1805 907 1883 longior
930 1804 1029 1866 urbem

201 1882 320 1942 Indulsit
341 1885 456 1961 pneris,
479 1901 692 1965 nonunquam
715 1889 809 1948 deerit
832 1898 957 1963 amator;
990 1931 993 1936 -

198 1963 345 2026 Mittantur
364 1966 506 2045 braccae,
532 1969 660 2046 cultelli,
683 1970 783 2046 irena,
804 1972 965 2050 flagellum:

199 2049 248 2109 Sic
271 2059 473 2131 praetextatos
494 2052 625 2114 referunt
646 2054 785 2116 Artaxata
804 2073 911 2116 mores.
1139 2070 1193 2126 170

530 2423 857 2490 SATIRAIII.

199 2524 342 2627 Quamvis
362 2561 496 2638 digressu
516 2563 627 2622 veteris
650 2562 788 2621 confusus
810 2560 902 2634 amici,

197 2638 295 2699 Laudo
316 2650 428 2718 tamen,
451 2646 551 2704 vacuis
571 2643 648 2722 quod
671 2643 771 2702 sedem
792 2642 884 2717 agere
908 2637 1003 2702 Gumis

197 2719 332 2782 Destinet
353 2735 440 2802 atque
462 2743 546 2786 unum
570 2726 663 2784 civem
684 2723 793 2786 donare
815 2723 956 2799 Sibyllae.

196 2803 283 2865 lanua
309 2805 441 2867 Baiarum
461 2817 504 2868 est
527 2817 555 2868 et
575 2816 686 2884 gratum
709 2808 774 2867 litus
797 2811 910 2868 amoeni

197 2889 358 2962 Secessna;
382 2908 438 2968 ego
461 2891 510 2952 vel
533 2890 705 2965 Prochytam
726 2909 877 2972 praepono
900 2894 1041 2956 Suburae.
1172 2913 1189 2963 5

195 2971 268 3033 Nam
292 2974 358 3054 quid
381 2984 438 3036 tam
458 2976 611 3052 miserum,
634 2983 690 3038 tana
714 2976 806 3038 solum
825 2977 964 3055 vidimus,
988 2989 1094 3040 utnon

195 3055 334 3118 Deterius
356 3060 460 3120 credas
482 3058 604 3122 borrere
628 3061 776 3137 incendia,
799 3061 898 3141 lapsus

197 3140 353 3204 Tectornm
376 3143 509 3202 assiduos
531 3161 567 3204 ac
588 3144 667 3204 mille
691 3147 822 3224 pericula
845 3165 952 3208 saevae

197 3224 284 3285 Urbis
306 3233 335 3284 et
357 3225 490 3303 Angusto
512 3229 669 3291 recitantes
690 3248 791 3291 mense
814 3227 939 3309 poetas?

196 3308 256 3367 Sed
276 3308 339 3368 dnm
359 3318 419 3370 tota
441 3311 542 3373 domus
563 3313 634 3374 reda
659 3316 840 3393 componitur
861 3334 927 3393 uua,
1151 3327 1186 3380 lo

196 3390 329 3453 Substitit
351 3393 387 3454 ad
406 3404 524 3458 veteres
546 3415 631 3458 arcus
653 3398 853 3478 madidamque
877 3398 1033 3479 Capenam.

195 3471 266 3553 Hic,
289 3475 337 3536 nbi
355 3488 513 3543 nocturnae
535 3480 626 3544 Numa
650 3483 842 3545 constituebat
863 3485 986 3560 amicae,
