2592 4022
480 247 607 297 sartan
628 249 700 298 xlv.

6 449 7 456 ,
110 386 235 450 blateria
260 393 395 446 constare
419 393 501 464 putat
527 385 710 466 paribusque·
731 386 893 465 elementis,

111 473 160 534 lla
181 470 297 532 saevire
319 470 408 530 docet
430 468 561 547 Rutilus,
591 471 640 549 qni
661 471 768 548 gaudet
789 472 899 533 acerbo

6 555 7 560 ’
110 556 267 634 Plagarum
291 555 415 632 strepitu
437 563 466 622 et
487 553 595 616 nullam
617 555 719 616 Sirena
743 555 869 633 flagellis

112 638 287 719 Comparat,
309 637 483 717 Antiphates
504 639 610 718 trepidi
630 638 699 699 laris
716 657 752 700 ac
773 639 980 720 Polyphemus,
1063 653 1101 707 ao

111 723 194 786 'l'uno
216 723 307 800 felix,
332 723 449 803 quoties
474 721 577 801 aliquis
599 731 712 784 tortore
737 732 845 785 vocato

109 809 213 871 Uritur
235 808 347 870 ardenti
370 807 427 868 duo
452 815 574 886 propter
596 807 684 870 lintea
705 805 809 869 ferro?

111 893 190 968 Quid
210 891 315 952 suadet
336 892 432 951 iuveni
455 891 549 952 laetus
572 891 698 954 stridore
721 902 852 970 catenae,

110 976 207 1051 Quem
228 977 300 1036 mire
323 975 451 1038 afficiunt
471 977 611 1055 iuscripta
633 975 797 1054 ergastula,
822 975 948 1039 carcer‘l

109 1061 250 1122 Rusticus
275 1068 449 1140 exspectas,
476 1069 506 1120 ut
528 1077 586 1120 non
608 1061 646 1121 sit
669 1060 799 1122 adultera
821 1060 934 1140 Largae
1066 1073 1101 1127 25

109 1144 202 1222 Filia,
228 1163 304 1225 quae
326 1161 478 1223 numquam
499 1153 645 1206 maternos
668 1145 767 1206 dicere
788 1145 929 1208 moechos

111 1229 183 1292 'lam
207 1230 265 1291 cito
288 1247 344 1290 nec
370 1237 449 1290 tanto
474 1231 583 1309 poterit
605 1238 765 1291 contexere
790 1249 887 1308 cursu,

112 1313 151 1375 Ut
172 1330 231 1374 noa
252 1321 298 1374 ter
319 1313 420 1374 decies
445 1310 596 1393 respiret?
624 1317 743 1376 conscia
762 1317 849 1376 matri

111 1398 204 1475 Virgo
228 1397 296 1468 luit;
320 1415 405 1458 ceras
431 1415 507 1458 nunc
528 1398 583 1460 lrac
606 1398 733 1460 dictante
759 1399 882 1478 pusillas

112 1482 217 1562 lmplet
241 1490 271 1541 et
292 1481 328 1542 ad
349 1481 503 1542 moeclrnm
525 1482 574 1543 dat
596 1483 706 1543 eisdem
727 1482 807 1543 ferre
831 1483 970 1544 cinaedis.
1066 1493 1102 1548 50

111 1567 162 1627 Sic
187 1574 288 1627 natura
310 1563 405 1626 iubet:
428 1565 563 1625 velocius
585 1574 616 1626 et
638 1567 721 1626 citius
743 1583 797 1626 nos
989 1569 993 1574 '

112 1649 306 1729 Corrumpunt
327 1649 462 1710 vitiorum
488 1649 640 1728 exempla,
667 1649 828 1711 domestica
851 1653 963 1729 magnis

112 1734 205 1808 Quum
229 1731 353 1794 subeunt
378 1734 490 1794 animos
516 1733 693 1794 auctoribus.
720 1733 811 1795 'linus
835 1743 866 1795 et
887 1733 962 1796 alter

111 1818 246 1879 Forsitan
274 1816 349 1878 haec
376 1825 516 1896 spernant
537 1818 676 1894 iuvenes,
701 1817 807 1898 quibus
830 1827 893 1880 arte
918 1818 1043 1898 benigna

6 1889 7 1916 1
109 1901 149 1964 E,
171 1902 295 1963 „1011010
322 1901 383 1962 luto
406 1901 487 1962 fiuxit
509 1902 683 1981 praecordia
705 1900 802 1973 litant
1065 1913 1098 1969 3⁵

111 1987 171 2048 Sed
193 1986 323 2066 reliquos
349 1984 488 2064 fugienda
511 1995 624 2065 patrum
647 1987 774 2065 vestigia
795 1987 905 2049 ducunt

109 2070 148 2134 Et
169 2078 326 2131 monstrata
348 2069 395 2130 diu
418 2071 528 2131 veteris
553 2070 640 2132 trabit
662 2071 756 2133 orbita
782 2072 897 2152 calpae.

110 2154 266 2217 Abstineas
292 2155 381 2232 igitur
402 2153 582 2224 damnandis;
608 2154 692 2217 huius
720 2157 794 2216 enim
815 2157 864 2217 vel

109 2239 173 2300 Una
194 2247 299 2318 potens
321 2239 396 2298 ratio
420 2248 481 2314 est,
506 2257 543 2298 ue
569 2240 686 2300 crimina
708 2249 808 2301 nostra
830 2250 988 2320 sequantur

109 2323 156 2384 Ex
174 2323 259 2383 nobis
280 2322 389 2400 geniti,
417 2324 553 2401 qnoniam
578 2322 691 2384 dociles
714 2319 857 2384 imitandis
1066 2333 1100 2386 40

110 2407 256 2487 Turpibus
282 2424 318 2467 ac
340 2407 437 2485 pravis
461 2423 563 2467 omnes
586 2425 696 2476 sumus;
724 2416 754 2467 et
779 2404 931 2470 Catilinam

111 2492 301 2570 Quocumque
322 2490 351 2550 in
373 2490 484 2570 populo
507 2491 625 2567 videas,
649 2507 834 2571 quocumque
857 2491 910 2553 sub
935 2489 1001 2568 axe,

110 2576 169 2639 Sed
195 2592 252 2636 neo
272 2573 376 2634 Brutus
399 2575 470 2650 erit,
493 2574 573 2635 Bruti
594 2592 651 2634 nec
675 2575 834 2636 avunculos
857 2593 986 2654 usquam.

109 2658 157 2720 Nil
179 2660 257 2722 dictu
279 2657 397 2719 ioednm
419 2659 542 2737 visuque
563 2657 638 2718 haec
664 2657 760 2719 limina
782 2667 891 2737 tangat,

109 2743 187 2806 lntra
210 2761 285 2823 qnae
308 2751 394 2822 pater
415 2752 474 2813 est;
499 2743 620 2822 procul,
645 2742 681 2804 ab
703 2743 807 2822 procul
830 2743 896 2805 inde
918 2744 1037 2824 puellae
1064 2753 1098 2808 45

109 2827 256 2889 lenonum
283 2836 312 2887 et
335 2835 435 2887 cantus
460 2828 660 2907 pernoctantis
683 2827 818 2907 parasiti!

107 2911 233 2974 llaxima
255 2911 380 2973 debetur
402 2928 496 2990 puero
518 2913 698 2972 reverentia:
723 2913 748 2971 si
772 2912 841 2990 quid

6 3017 7 3030 ¹
110 2997 208 3076 Turpe
233 3012 337 3074 paras,
364 3014 420 3056 nec
445 3003 475 3054 tu
498 2996 581 3074 pueri
605 2997 815 3074 contempseris
838 3011 939 3072 annos,

110 3081 168 3142 Sed
193 3089 353 3160 peccaturo
374 3078 474 3140 obstet
498 3078 549 3139 tibi
575 3078 651 3139 lilius
672 3078 777 3138 iulans.

109 3164 181 3226 Nam
207 3165 232 3225 si
260 3163 329 3244 qnid
354 3164 472 3242 dignum
499 3164 631 3223 censoris
656 3163 762 3223 iecerit
785 3163 827 3223 ira
1064 3171 1098 3224 50

111 3247 293 3327 Quandoque
321 3256 352 3308 et
373 3247 496 3308 similem
517 3248 569 3307 tibi
594 3265 628 3307 se
654 3263 712 3308 non
734 3263 862 3326 corpore
886 3254 994 3308 tantum

109 3331 173 3394 Nec
195 3333 277 3393 vultu
305 3331 435 3409 dederit,
462 3347 573 3392 morum
598 3348 717 3412 qnoque
740 3330 816 3391 illius
838 3341 868 3392 et
890 3333 939 3412 qai

112 3414 212 3478 Omnia
239 3416 368 3478 deterius
390 3425 438 3476 tua
464 3433 519 3496 per
541 3418 665 3494 vestigia
688 3423 805 3495 peccet,

111 3497 263 3581 corripies
288 3501 419 3561 nimirum
441 3508 472 3561 et
494 3499 651 3578 castigabis
674 3498 783 3561 acerbo
