2592 4022
219 276 260 339 82
548 287 585 333 n.
607 285 678 340 tun.
701 283 887 334 ruvauanra

219 429 258 490 Et
279 444 431 506 numquam
450 426 521 487 vieie
543 425 659 504 triginta
683 424 761 486 clara
784 423 927 492 meauillia.

221 513 349 574 Tandem
370 512 455 575 intrat
473 510 585 589 poeitae
608 509 719 574 incluaa
737 526 793 588 per
814 525 946 588 aequora
965 509 1060 580 molet
1179 520 1212 578 te

221 597 459 674 Tyrrhenamque
479 593 594 672 pbaroa
613 601 810 672 porrectaque
832 591 950 654 bracbia
972 597 1098 672 runcum,

222 681 304 755 Quae
326 678 434 759 pelago
458 685 612 738 oecurmnt
631 676 727 738 medio
748 677 899 758 longeque
920 677 1092 758 reliuqnuat.

221 763 332 826 ltaliam
351 764 431 841 (non
453 763 497 821 sic
519 762 607 838 igitur
624 759 770 820 mirabere
791 769 904 839 portae,

221 848 302 922 Quos
324 855 424 906 natura
444 845 561 924 dedit);
584 845 638 905 aed
658 853 759 906 trunca
781 862 880 923 puppe
897 845 1039 922 ,magister

220 929 362 991 Interiora
383 931 456 1009 petit
476 928 600 998 balenae
620 929 720 1006 pervia
744 926 877 1005 cymbae,
1180 941 1213 996 8⁰

221 1015 286 1076 'l'uti
309 1024 410 1092 stagna
433 1014 528 1087 cinna,
550 1011 678 1090 gaudent
698 1011 748 1072 ubi
769 1013 882 1074 vertice
904 1029 971 1074 raso

222 1099 343 1160 Garrula
364 1098 460 1157 securi
483 1114 601 1158 narrare
618 1095 753 1176 pericula
771 1105 886 1160 nautae.

263 1183 306 1243 Ite
326 1182 429 1259 igitur,
452 1182 555 1259 pueri,
577 1180 684 1258 linguis
706 1181 868 1260 animisque
888 1179 1032 1257 faventes,

221 1266 365 1344 Sertaque
388 1263 519 1324 delubria
540 1273 570 1324 et
588 1264 665 1329 larra
688 1263 826 1342 imponite
847 1264 947 1327 cultria

221 1349 266 1410 Ac
287 1347 393 1408 molles
415 1357 515 1409 ornate
537 1348 623 1410 locos
645 1346 820 1427 glebamque
842 1347 997 1413 virentem!
1179 1363 1214 1420 85

220 1434 280 1494 lam
303 1450 410 1510 sequar
433 1441 463 1492 et
485 1449 587 1509 aacro,
605 1432 684 1513 quod
706 1440 853 1510 praestat,
871 1433 927 1493 rite
949 1441 1069 1511 peracto

220 1517 290 1578 lntle
313 1517 427 1577 domum
450 1525 598 1595 repetam,
616 1516 745 1594 graciles
766 1515 819 1580 ubi¹
837 1533 927 1596 parva
942 1513 1074 1580 'coronae

220 1601 377 1680 Accipiunt
397 1600 493 1678 fragili
515 1600 669 1662 simulacra
690 1600 809 1662 nitentia
828 1617 906 1660 cera.

220 1685 274 1746 llic
294 1693 423 1744 noatrum
446 1685 571 1764 placabo
592 1683 692 1745 lovem
712 1682 893 1762 Laribusque
914 1685 1043 1763 paternis

220 1768 296 1830 Tura
318 1768 393 1829 dabo
417 1778 504 1846 atque
527 1786 629 1828 omnen
649 1767 746 1830 violae
768 1767 886 1830 iactabo
906 1767 1032 1830 coloret.
1179 1781 1214 1836 co

221 1851 332 1913 (iuncta
355 1853 459 1920 nitent;
480 1852 587 1930 longua
608 1854 704 1914 erexit
722 1854 806 1914 ianua
828 1868 927 1916 ramos

220 1937 257 1997 Et
279 1936 421 1996 matutinis
442 1946 581 2015 operatur
603 1935 679 1997 lecta
699 1935 837 1997 lucernis»
939 1951 942 1962 ·

219 2019 284 2081 Nee
307 2029 444 2098 suspecta
466 2019 517 2078 tibi
540 2020 595 2080 sint
614 2019 705 2095 baec,
729 2017 871 2080 Corvino:
896 2017 1036 2098 catellae,

219 2104 276 2164 Pro
297 2104 378 2163 cuius
399 2102 494 2163 reditu
516 2110 560 2162 tot
580 2120 658 2183 pono
681 2103 793 2179 altaria,
817 2121 926 2182 paunoa

221 2186 295 2246 Trea
317 2185 405 2246 babet
426 2185 565 2249 heredes.
608 2186 693 2247 bibet
714 2196 907 2266 exspectare,
931 2189 999 2269 quie
1012 2205 1134 2268 aegram
1179 2199 1214 2256 9⁵

101 2313 107 2324 .
219 2269 257 2330 lit
279 2270 462 2332 claudentem
485 2271 588 2332 oculos
609 2270 745 2350 gallinam
765 2272 913 2350 impendat
932 2273 1025 2334 amico

219 2354 290 2415 l'am
307 2354 414 2423 sterili;
434 2373 535 2416 verum
554 2355 629 2422 baec
650 2356 735 2418 nimia
758 2358 968 2435 estimpensa:
992 2359 1127 2423 coturnix

218 2438 304 2500 Nulla
324 2457 457 2518 umquam
478 2457 532 2517 pro
555 2450 638 2518 patre
657 2439 751 2502 cadet.
795 2439 911 2502 Seutlre
933 2440 1064 2504 calorem

219 2524 250 2584 st
271 2523 369 2602 coepit
391 2522 527 2602 locuples
550 2522 664 2590 Gallitta
687 2533 716 2585 et
736 2524 858 2584 Paccius
881 2524 957 2602 orbi,

218 2606 365 2684 Legitima.
383 2607 449 2670 uxta
469 2609 592 2668 vestitur
614 2617 675 2670 tota
695 2607 808 2669 libellis

218 2691 369 2774 Ponticae,
394 2692 536 2751 exsistunt
557 2693 607 2770 qui
630 2693 797 2770 promittant
818 2691 1028 2764 hecatomben;

219 2772 368 2847 Quatenus
389 2773 514 2835 hicnon
534 2784 598 2835 aunt
620 2794 676 2838 nec
698 2776 821 2836 venales
842 2776 1000 2856 elephanti,

218 2855 282 2919 Nee
303 2856 384 2918 Latio
407 2867 456 2918 aut
476 2876 597 2938 nequam
619 2859 672 2922 auh
694 2869 794 2922 nostro
821 2860 919 2923 nidere
940 2860 1007 2925 talia

217 2940 319 3002 bellua
342 2943 521 3022 concipitur,
546 2941 598 3004 aed
620 2944 703 3005 lurra
722 2954 812 3022 gente
838 2946 930 3025 petita
1267 2987 1268 3020 ,

217 3025 382 3087 Arboribus
403 3025 516 3090 Rutuli·
538 3037 568 3089 ct
589 3027 676 3090 'l'nrni
697 3031 827 3110 pascitur
845 3045 930 3108 agro,
1161 3039 1212 3094 tot

219 3107 356 3171 Caesarie
378 3121 552 3187 armentum,
573 3112 643 3174 nulli
665 3114 778 3175 servire
799 3122 930 3192 paratum
1266 3167 1267 3178 ,

217 3192 346 3262 Privato;
371 3195 513 3272 siquidem
535 3195 624 3272 Tyrio
645 3215 750 3276 parere
773 3195 909 3259 colebant

217 3277 369 3339 liannibali
392 3288 421 3338 et
437 3283 544 3340 noatris
567 3280 689 3342 ducibus
706 3282 829 3362 regique
851 3280 984 3343 llloloeeo

217 3361 324 3422 llorum
346 3363 473 3422 maiores
493 3383 528 3424 ac
550 3364 638 3426 dorsu
661 3365 741 3427 ierre
764 3365 905 3427 cobortes

217 3444 332 3506 Partem
352 3445 477 3525 aliquam
496 3446 626 3528 bellique
648 3459 677 3510 et
699 3458 814 3510 euntem
833 3451 861 3510 in
879 3449 993 3530 proelia
1009 3458 1126 3510 turrem
1158 3461 1210 3516 lto

217 3525 302 3590 Nulla
320 3529 408 3606 igitur
428 3547 509 3592 mora
529 3551 583 3610 per
592 3531 742 3611 lienium,
764 3541 853 3596 mora'
867 3534 946 3596 nulla
965 3552 1020 3614 per
1038 3531 1167 3596 iliatrum
