2592 4022
178 228 185 238 ⁶
208 257 247 318 98
519 269 555 314 n.
578 268 649 315 run.
672 267 858 314 1uvunnu1s

207 407 315 468 Oceani
336 416 464 468 monstra
488 417 517 467 et
539 408 659 466 iuvenes
683 407 792 467 vidisse
813 407 949 466 marinos.

204 491 270 552 Non
293 509 364 550 unus
387 500 499 550 mentes
521 493 611 568 agitat
637 490 733 549 furor:
754 489 804 549 ille
825 491 936 550 sororis

173 651 177 659 ⁸
204 575 237 636 ln
258 574 387 634 manibus
410 575 490 634 vultu
511 574 699 634 Eumenidum
721 582 845 634 terretur
867 583 896 634 et
919 575 988 652 igni,
1143 589 1199 644 285

203 658 257 720 llic
279 659 356 719 bove
379 676 521 739 percusso
540 660 651 735 mugire
674 657 892 735 Agamemnona
915 659 1007 718 credit

204 743 261 802 Aut
283 742 426 812 lthacum3
450 752 552 823 parcat
573 743 677 802 tunicis
700 741 770 802 licet
793 751 880 820 atque
904 741 1040 821 lacernis,

205 824 354 887 curatoris
379 836 463 906 eget,
494 829 542 906 qui
567 843 670 886 navem
693 825 838 886 mercibus
861 825 963 903 lmplet

203 911 248 970 nd
272 929 409 971 summum
429 910 503 970 latus
526 921 555 971 et
576 910 673 970 tabula
693 910 876 986 distinguitur
898 910 984 986 unda,

204 995 296 1068 Quum
319 996 356 1054 sit
379 1013 475 1071 causa
493 995 560 1055 mali
582 995 651 1054 tanti
673 1003 703 1054 et
725 993 895 1054 discriminis
921 993 1004 1053 huius
1141 1009 1197 1065 290

204 1076 359 1138 Concisum
382 1087 532 1156 argeutum
553 1079 582 1137 in
604 1078 701 1138 titulos
728 1077 880 1156 faciesque
905 1079 1036 1139 minutas.

203 1161 365 1223 Occurrunt
386 1163 478 1222 nubes
502 1172 531 1222 et
553 1162 683 1239 fulgura:
717 1161 831 1221 Solvite
853 1159 961 1236 funem,

201 1243 347 1304 Frumenti
370 1245 502 1306 dominus
526 1246 630 1306 clamat
652 1246 800 1324 piperisve
826 1247 962 1323 coempti,

200 1326 248 1388 Nil
272 1328 357 1389 color
376 1330 425 1390 lric
447 1329 542 1405 coeli,
571 1328 610 1388 nil
636 1330 727 1390 fascia
748 1330 830 1406 nigra
856 1331 991 1395 minatum

201 1411 352 1473 Aestivum
375 1421 464 1473 tonat.
489 1448 530 1459 -
562 1413 668 1473 lnlelix
689 1413 744 1473 hac
767 1413 889 1472 forsitan
910 1414 972 1490 ipsa
1137 1426 1191 1483 295

200 1495 294 1556 Nocte
318 1497 395 1558 cadit
417 1496 517 1557 fractis
541 1497 686 1572 trabibus,
709 1496 855 1575 fluctuque
878 1503 1026 1574 premetur

201 1577 327 1640 Obrutus
351 1589 380 1640 et
402 1597 504 1641 zonam
527 1581 611 1642 laeva
633 1598 789 1658 morsuque
812 1580 931 1640 tenebit.

201 1663 260 1724 Sed
283 1665 363 1724 cuius
386 1667 463 1724 votis
486 1665 572 1726 modo
596 1683 654 1724 non
674 1665 832 1724 suffecerat
853 1681 962 1739 aurum,

200 1746 285 1819 Quod
308 1747 406 1827 Tagus
429 1757 458 1807 et
481 1749 567 1809 rutila
591 1749 684 1808 volvit
706 1747 842 1808 Pactolus
862 1764 959 1823 arena,

199 1829 315 1906 Frigida
339 1831 486 1892 sufficient
508 1832 640 1892 velantes
661 1833 775 1910 inguina
798 1833 883 1909 panni
1134 1845 1190 1899 300

199 1912 389 1993 Exiguusque
416 1915 515 1992 cibus,
537 1935 633 1977 mersa
657 1925 720 1976 rate
743 1915 898 1992 naufragus
925 1931 1019 1974 assem

199 1996 272 2056 Dum
298 2008 384 2076 rogat
407 2007 436 2058 et
458 2001 535 2078 picta
558 2018 591 2058 se
615 2007 789 2078 tempestate
811 2007 916 2058 tuetur.

242 2079 339 2139 Tantis
363 2091 445 2160 parta
468 2082 551 2142 malis
575 2099 645 2142 cura
667 2084 776 2142 maiore
800 2092 937 2161 metuque

199 2165 365 2224 Servantur.
394 2163 500 2226 blisera
524 2168 684 2244 estmagni
706 2165 836 2225 custodia
859 2164 979 2225 census!

197 2246 355 2324 Dispositis
379 2249 534 2326 praedives
556 2249 647 2310 framis
670 2250 793 2327 vigilare
818 2249 967 2310 cohortem
1134 2264 1186 2320 305

198 2331 355 2392 Servorum
378 2340 464 2393 noctu
487 2331 602 2393 Licinus
626 2333 720 2409 iubet,
744 2335 879 2394 attonitus
903 2347 957 2412 pro

197 2412 318 2475 Electro
342 2417 491 2496 signisque
518 2419 577 2478 suis
600 2418 783 2496 Phrygiaque
808 2418 940 2477 columna

197 2498 294 2576 Atque
317 2499 408 2560 ebore
434 2509 463 2560 et
487 2501 544 2561 lata
566 2501 720 2562 testudine.
756 2499 842 2560 Dolia
868 2501 934 2560 nudi

197 2581 262 2641 Non
285 2584 386 2645 ardent
411 2582 526 2660 Cynich
552 2586 576 2644 si
598 2585 740 2663 fregeris,
764 2584 856 2645 altera
880 2585 929 2644 fret

198 2662 270 2724 Cras
294 2667 411 2743 domus,
435 2677 521 2747 atque
541 2669 643 2730 eadem
662 2667 780 2748 plumbo
798 2669 950 2729 commissa
968 2669 1104 2731 manebit.
1133 2682 1186 2737 310

197 2748 295 2808 Sensit
319 2749 502 2827 Alexander,
529 2762 604 2812 testa
626 2770 711 2831 quum
733 2752 804 2811 vidit
825 2753 853 2811 in
877 2752 925 2813 illa

195 2829 330 2910 Magnum
353 2833 560 2911 habitatorem,
586 2845 691 2914 quanto
717 2835 832 2896 felicior
852 2836 915 2911 lnic,
940 2839 988 2915 qui

196 2913 243 2975 Nil
266 2926 404 2996 cuperet,
428 2936 512 2997 quam
537 2920 585 2997 qui
608 2928 697 2980 totum
719 2918 773 2978 sibi
796 2929 935 2998 posceret
962 2920 1072 2998 orbem,

195 2999 337 3061 Passurus
360 3003 452 3080 gestis
475 3003 624 3083 aequanda
649 3002 780 3083 pericula
801 3003 898 3063 rebus.

195 3083 311 3144 Nullum
334 3104 437 3146 numen
459 3087 559 3164 abest,
586 3088 611 3147 si
634 3089 671 3147 sit
694 3087 857 3167 prudentia;
884 3105 937 3147 nos
960 3097 1000 3165 te,
1131 3099 1183 3154 315

195 3165 257 3227 llos
281 3169 418 3248 facimus,
441 3169 585 3247 Fortuna,
610 3172 702 3236 deam.
718 3179 720 3182 ’
738 3169 872 3232 blensura
895 3180 989 3233 tamen
1010 3191 1085 3251 quae

195 3251 327 3313 Sufficiat
350 3271 471 3330 census,
497 3258 522 3315 si
545 3258 676 3334 quisine
704 3255 852 3331 consulat,
874 3255 971 3316 edam:

194 3333 384 3414 inquantum
408 3339 469 3398 sitis
493 3349 584 3419 atque·
605 3341 695 3401 fames
720 3347 749 3398 et
774 3340 883 3417 frigora
904 3349 1037 3418 poscunt,

196 3416 352 3498 Quantum,
374 3421 518 3500 Epicure,
543 3423 593 3484 tibi
616 3426 712 3504 parvis
736 3424 850 3484 suffecit
871 3425 900 3484 in
923 3423 1025 3500 bortis,

197 3499 338 3572 Quantum
361 3505 504 3567 Socratici
530 3519 669 3589 ceperunt
691 3515 758 3571 ante
781 3516 911 3587 penates.
1127 3517 1179 3571 320
