<?xml version="1.0" encoding="UTF-8"?>
<!DOCTYPE html PUBLIC "-//W3C//DTD XHTML 1.0 Transitional//EN"
    "http://www.w3.org/TR/xhtml1/DTD/xhtml1-transitional.dtd">
<html xmlns="http://www.w3.org/1999/xhtml" xml:lang="en" lang="en">
 <head>
  <title>
</title>
<meta http-equiv="Content-Type" content="text/html;charset=utf-8" />
  <meta name='ocr-system' content='tesseract 3.04.00' />
  <meta name='ocr-capabilities' content='ocr_page ocr_carea ocr_par ocr_line ocrx_word'/>
</head>
<body>
  <div class='ocr_page' id='page_1' title='image "./diuniiiuvenalis00sulpgoog_0109.png"; bbox 0 0 2592 4022; ppageno 0'>
   <div class='ocr_carea' id='block_1_1' title="bbox 228 289 904 349">
    <p class='ocr_par' dir='ltr' id='par_1_1' title="bbox 228 289 904 349">
     <span class='ocr_line' id='line_1_1' title="bbox 228 289 904 349; baseline -0.012 0"><span class='ocrx_word' id='word_1_1' title='bbox 228 289 269 349; x_wconf 79' lang='lat' dir='ltr'>to</span> <span class='ocrx_word' id='word_1_2' title='bbox 567 296 604 342; x_wconf 86' lang='lat' dir='ltr'>n.</span> <span class='ocrx_word' id='word_1_3' title='bbox 623 295 695 343; x_wconf 78' lang='lat' dir='ltr'>unt.</span> <span class='ocrx_word' id='word_1_4' title='bbox 718 293 904 342; x_wconf 80' lang='lat' dir='ltr'>mvsnsrns</span> 
     </span>
    </p>
   </div>
   <div class='ocr_carea' id='block_1_2' title="bbox 227 435 1220 3625">
    <p class='ocr_par' dir='ltr' id='par_1_2' title="bbox 227 435 1219 602">
     <span class='ocr_line' id='line_1_2' title="bbox 228 435 1219 514; baseline -0.015 -10"><span class='ocrx_word' id='word_1_5' title='bbox 228 441 367 514; x_wconf 67' lang='lat' dir='ltr'>(doneris,</span> <span class='ocrx_word' id='word_1_6' title='bbox 390 439 466 498; x_wconf 91' lang='lat' dir='ltr'>iacet</span> <span class='ocrx_word' id='word_1_7' title='bbox 488 436 611 513; x_wconf 85' lang='lat' dir='ltr'>exiguus</span> <span class='ocrx_word' id='word_1_8' title='bbox 634 453 698 494; x_wconf 88' lang='lat' dir='ltr'>cunr</span> <span class='ocrx_word' id='word_1_9' title='bbox 718 435 825 494; x_wconf 83' lang='lat' dir='ltr'>ramice</span> <span class='ocrx_word' id='word_1_10' title='bbox 845 449 952 492; x_wconf 83' lang='lat' dir='ltr'>nervas</span> <span class='ocrx_word' id='word_1_11' title='bbox 1167 445 1219 499; x_wconf 69' lang='lat' dir='ltr'>aon</span> 
     </span>
     <span class='ocr_line' id='line_1_3' title="bbox 227 517 947 602; baseline -0.015 -16"><span class='ocrx_word' id='word_1_12' title='bbox 227 527 280 599; x_wconf 84' lang='lat' dir='ltr'>Et,</span> <span class='ocrx_word' id='word_1_13' title='bbox 309 525 439 602; x_wconf 84' lang='lat' dir='ltr'>quamvis</span> <span class='ocrx_word' id='word_1_14' title='bbox 461 530 522 580; x_wconf 90' lang='lat' dir='ltr'>tota</span> <span class='ocrx_word' id='word_1_15' title='bbox 544 519 680 598; x_wconf 72' lang='lat' dir='ltr'><strong>palpetur</strong></span> <span class='ocrx_word' id='word_1_16' title='bbox 701 528 805 594; x_wconf 90' lang='lat' dir='ltr'>nocte,</span> <span class='ocrx_word' id='word_1_17' title='bbox 830 517 947 576; x_wconf 86' lang='lat' dir='ltr'>iacebit.</span> 
     </span>
    </p>

    <p class='ocr_par' dir='ltr' id='par_1_3' title="bbox 228 601 1048 684">
     <span class='ocr_line' id='line_1_4' title="bbox 228 601 1048 684; baseline -0.01 -16"><span class='ocrx_word' id='word_1_18' title='bbox 228 609 312 669; x_wconf 79' lang='lat' dir='ltr'>Anne</span> <span class='ocrx_word' id='word_1_19' title='bbox 334 606 442 684; x_wconf 89' lang='lat' dir='ltr'>aliquid</span> <span class='ocrx_word' id='word_1_20' title='bbox 461 623 584 684; x_wconf 89' lang='lat' dir='ltr'>sperare</span> <span class='ocrx_word' id='word_1_21' title='bbox 606 612 704 682; x_wconf 87' lang='lat' dir='ltr'>potest</span> <span class='ocrx_word' id='word_1_22' title='bbox 725 603 800 662; x_wconf 91' lang='lat' dir='ltr'>haec</span> <span class='ocrx_word' id='word_1_23' title='bbox 821 603 944 678; x_wconf 80' lang='lat' dir='ltr'>inguinis</span> <span class='ocrx_word' id='word_1_24' title='bbox 965 601 1048 678; x_wconf 79' lang='lat' dir='ltr'>aegri</span> 
     </span>
    </p>

    <p class='ocr_par' dir='ltr' id='par_1_4' title="bbox 228 685 1049 768">
     <span class='ocr_line' id='line_1_5' title="bbox 228 685 1049 768; baseline -0.013 -14"><span class='ocrx_word' id='word_1_25' title='bbox 228 688 376 754; x_wconf 82' lang='lat' dir='ltr'>Canities?</span> <span class='ocrx_word' id='word_1_26' title='bbox 404 691 472 768; x_wconf 86' lang='lat' dir='ltr'>qaid</span> <span class='ocrx_word' id='word_1_27' title='bbox 497 687 576 768; x_wconf 82' lang='lat' dir='ltr'>quod</span> <span class='ocrx_word' id='word_1_28' title='bbox 597 689 700 746; x_wconf 87' lang='lat' dir='ltr'>merito</span> <span class='ocrx_word' id='word_1_29' title='bbox 722 695 859 765; x_wconf 86' lang='lat' dir='ltr'>suspecta</span> <span class='ocrx_word' id='word_1_30' title='bbox 880 685 969 746; x_wconf 88' lang='lat' dir='ltr'>lihido</span> <span class='ocrx_word' id='word_1_31' title='bbox 992 693 1049 760; x_wconf 87' lang='lat' dir='ltr'>est,</span> 
     </span>
    </p>

    <p class='ocr_par' dir='ltr' id='par_1_5' title="bbox 229 767 1098 850">
     <span class='ocr_line' id='line_1_6' title="bbox 229 767 1098 850; baseline -0.008 -15"><span class='ocrx_word' id='word_1_32' title='bbox 229 778 312 850; x_wconf 84' lang='lat' dir='ltr'>Quae</span> <span class='ocrx_word' id='word_1_33' title='bbox 332 775 479 834; x_wconf 78' lang='lat' dir='ltr'>Venerem</span> <span class='ocrx_word' id='word_1_34' title='bbox 502 773 620 832; x_wconf 80' lang='lat' dir='ltr'>allectat</span> <span class='ocrx_word' id='word_1_35' title='bbox 642 773 704 830; x_wconf 86' lang='lat' dir='ltr'>sine</span> <span class='ocrx_word' id='word_1_36' title='bbox 726 767 858 830; x_wconf 78' lang='lat' dir='ltr'>viribus?</span> <span class='ocrx_word' id='word_1_37' title='bbox 874 768 982 847; x_wconf 74' lang='lat' dir='ltr'>Aspice</span> <span class='ocrx_word' id='word_1_38' title='bbox 1004 770 1098 848; x_wconf 85' lang='lat' dir='ltr'>partis</span> 
     </span>
    </p>

    <p class='ocr_par' dir='ltr' id='par_1_6' title="bbox 228 852 1219 1016">
     <span class='ocr_line' id='line_1_7' title="bbox 228 852 1219 934; baseline -0.007 -14"><span class='ocrx_word' id='word_1_39' title='bbox 228 861 311 921; x_wconf 85' lang='lat' dir='ltr'>Nunc</span> <span class='ocrx_word' id='word_1_40' title='bbox 334 860 465 919; x_wconf 86' lang='lat' dir='ltr'>damnum</span> <span class='ocrx_word' id='word_1_41' title='bbox 486 857 622 923; x_wconf 87' lang='lat' dir='ltr'>alterius;</span> <span class='ocrx_word' id='word_1_42' title='bbox 645 873 709 914; x_wconf 90' lang='lat' dir='ltr'>narn</span> <span class='ocrx_word' id='word_1_43' title='bbox 733 873 807 934; x_wconf 86' lang='lat' dir='ltr'>quae</span> <span class='ocrx_word' id='word_1_44' title='bbox 829 861 961 915; x_wconf 86' lang='lat' dir='ltr'>cantante</span> <span class='ocrx_word' id='word_1_45' title='bbox 986 852 1137 932; x_wconf 80' lang='lat' dir='ltr'>voluptas,</span> <span class='ocrx_word' id='word_1_46' title='bbox 1168 865 1219 918; x_wconf 75' lang='lat'>21⁰</span> 
     </span>
     <span class='ocr_line' id='line_1_8' title="bbox 228 939 1007 1016; baseline -0.009 -11"><span class='ocrx_word' id='word_1_47' title='bbox 228 947 273 1007; x_wconf 89' lang='lat' dir='ltr'>Sit</span> <span class='ocrx_word' id='word_1_48' title='bbox 296 945 366 1004; x_wconf 89' lang='lat' dir='ltr'>licet</span> <span class='ocrx_word' id='word_1_49' title='bbox 387 943 525 1016; x_wconf 79' lang='lat' dir='ltr'>eximius,</span> <span class='ocrx_word' id='word_1_50' title='bbox 544 939 733 1014; x_wconf 84' lang='lat' dir='ltr'>citharoedo,</span> <span class='ocrx_word' id='word_1_51' title='bbox 756 941 832 998; x_wconf 85' lang='lat' dir='ltr'>sitve</span> <span class='ocrx_word' id='word_1_52' title='bbox 851 939 1007 1015; x_wconf 86' lang='lat' dir='ltr'>Seleucus,</span> 
     </span>
    </p>

    <p class='ocr_par' dir='ltr' id='par_1_7' title="bbox 228 1020 961 1108">
     <span class='ocr_line' id='line_1_9' title="bbox 228 1020 961 1108; baseline -0.011 -19"><span class='ocrx_word' id='word_1_53' title='bbox 228 1031 265 1090; x_wconf 84' lang='lat' dir='ltr'>lit</span> <span class='ocrx_word' id='word_1_54' title='bbox 288 1028 392 1108; x_wconf 80' lang='lat' dir='ltr'>quihus</span> <span class='ocrx_word' id='word_1_55' title='bbox 413 1035 511 1086; x_wconf 89' lang='lat' dir='ltr'>aurata</span> <span class='ocrx_word' id='word_1_56' title='bbox 530 1041 595 1083; x_wconf 86' lang='lat' dir='ltr'>mos</span> <span class='ocrx_word' id='word_1_57' title='bbox 616 1031 663 1083; x_wconf 87' lang='lat' dir='ltr'>est</span> <span class='ocrx_word' id='word_1_58' title='bbox 684 1023 800 1100; x_wconf 87' lang='lat' dir='ltr'>fulgere</span> <span class='ocrx_word' id='word_1_59' title='bbox 822 1020 961 1082; x_wconf 80' lang='lat' dir='ltr'>lacerna?</span> 
     </span>
    </p>

    <p class='ocr_par' dir='ltr' id='par_1_8' title="bbox 228 1106 1000 1188">
     <span class='ocr_line' id='line_1_10' title="bbox 228 1106 1000 1188; baseline -0.008 -16"><span class='ocrx_word' id='word_1_60' title='bbox 228 1113 305 1188; x_wconf 81' lang='lat' dir='ltr'>Quid</span> <span class='ocrx_word' id='word_1_61' title='bbox 326 1112 433 1184; x_wconf 85' lang='lat' dir='ltr'>relert,</span> <span class='ocrx_word' id='word_1_62' title='bbox 456 1109 551 1186; x_wconf 88' lang='lat' dir='ltr'>magui</span> <span class='ocrx_word' id='word_1_63' title='bbox 573 1107 675 1168; x_wconf 84' lang='lat' dir='ltr'>sedeat</span> <span class='ocrx_word' id='word_1_64' title='bbox 696 1126 753 1185; x_wconf 88' lang='lat' dir='ltr'>qua</span> <span class='ocrx_word' id='word_1_65' title='bbox 775 1116 859 1186; x_wconf 91' lang='lat' dir='ltr'>parte</span> <span class='ocrx_word' id='word_1_66' title='bbox 884 1106 1000 1183; x_wconf 82' lang='lat' dir='ltr'>theatri,</span> 
     </span>
    </p>

    <p class='ocr_par' dir='ltr' id='par_1_9' title="bbox 228 1191 970 1272">
     <span class='ocr_line' id='line_1_11' title="bbox 228 1191 970 1272; baseline -0.005 -18"><span class='ocrx_word' id='word_1_67' title='bbox 228 1197 285 1271; x_wconf 79' lang='lat' dir='ltr'>Qui</span> <span class='ocrx_word' id='word_1_68' title='bbox 308 1196 358 1254; x_wconf 88' lang='lat' dir='ltr'>vix</span> <span class='ocrx_word' id='word_1_69' title='bbox 381 1194 546 1253; x_wconf 79' lang='lat' dir='ltr'>cornicines</span> <span class='ocrx_word' id='word_1_70' title='bbox 568 1191 703 1251; x_wconf 88' lang='lat' dir='ltr'>exaudiet</span> <span class='ocrx_word' id='word_1_71' title='bbox 727 1201 813 1272; x_wconf 87' lang='lat' dir='ltr'>atque</span> <span class='ocrx_word' id='word_1_72' title='bbox 839 1191 970 1250; x_wconf 82' lang='lat' dir='ltr'>tubarum</span> 
     </span>
    </p>

    <p class='ocr_par' dir='ltr' id='par_1_10' title="bbox 229 1274 1218 1438">
     <span class='ocr_line' id='line_1_12' title="bbox 229 1274 1218 1353; baseline -0.006 -14"><span class='ocrx_word' id='word_1_73' title='bbox 229 1274 417 1340; x_wconf 78' lang='lat' dir='ltr'>concentus?</span> <span class='ocrx_word' id='word_1_74' title='bbox 443 1275 571 1335; x_wconf 89' lang='lat' dir='ltr'>clamore</span> <span class='ocrx_word' id='word_1_75' title='bbox 595 1292 670 1353; x_wconf 89' lang='lat' dir='ltr'>opus</span> <span class='ocrx_word' id='word_1_76' title='bbox 692 1283 755 1350; x_wconf 86' lang='lat' dir='ltr'>est,</span> <span class='ocrx_word' id='word_1_77' title='bbox 778 1284 809 1334; x_wconf 89' lang='lat' dir='ltr'>ut</span> <span class='ocrx_word' id='word_1_78' title='bbox 831 1276 934 1334; x_wconf 91' lang='lat' dir='ltr'>sentiat</span> <span class='ocrx_word' id='word_1_79' title='bbox 955 1277 1043 1351; x_wconf 85' lang='lat' dir='ltr'>auris,</span> <span class='ocrx_word' id='word_1_80' title='bbox 1169 1285 1218 1339; x_wconf 78' lang='lat'>215</span> 
     </span>
     <span class='ocr_line' id='line_1_13' title="bbox 229 1359 1023 1438; baseline -0.006 -16"><span class='ocrx_word' id='word_1_81' title='bbox 229 1363 322 1436; x_wconf 81' lang='lat' dir='ltr'>Quem</span> <span class='ocrx_word' id='word_1_82' title='bbox 349 1362 426 1420; x_wconf 90' lang='lat' dir='ltr'>dicat</span> <span class='ocrx_word' id='word_1_83' title='bbox 446 1360 564 1418; x_wconf 77' lang='lat' dir='ltr'>ventsse</span> <span class='ocrx_word' id='word_1_84' title='bbox 588 1377 678 1438; x_wconf 87' lang='lat' dir='ltr'>puer,</span> <span class='ocrx_word' id='word_1_85' title='bbox 701 1370 772 1437; x_wconf 86' lang='lat' dir='ltr'>quot</span> <span class='ocrx_word' id='word_1_86' title='bbox 792 1361 904 1418; x_wconf 78' lang='lat' dir='ltr'>nuntiet</span> <span class='ocrx_word' id='word_1_87' title='bbox 925 1359 1023 1418; x_wconf 90' lang='lat' dir='ltr'>horas.</span> 
     </span>
    </p>

    <p class='ocr_par' dir='ltr' id='par_1_11' title="bbox 228 1443 1024 1522">
     <span class='ocr_line' id='line_1_14' title="bbox 228 1443 1024 1522; baseline -0.006 -16"><span class='ocrx_word' id='word_1_88' title='bbox 228 1447 386 1506; x_wconf 88' lang='lat' dir='ltr'>Praeterea</span> <span class='ocrx_word' id='word_1_89' title='bbox 408 1445 537 1504; x_wconf 89' lang='lat' dir='ltr'>minimus</span> <span class='ocrx_word' id='word_1_90' title='bbox 559 1443 658 1521; x_wconf 84' lang='lat' dir='ltr'>gelido</span> <span class='ocrx_word' id='word_1_91' title='bbox 681 1444 737 1502; x_wconf 88' lang='lat' dir='ltr'>iam</span> <span class='ocrx_word' id='word_1_92' title='bbox 758 1460 885 1522; x_wconf 91' lang='lat' dir='ltr'>corpore</span> <span class='ocrx_word' id='word_1_93' title='bbox 908 1445 1024 1520; x_wconf 85' lang='lat' dir='ltr'>sanguis</span> 
     </span>
    </p>

    <p class='ocr_par' dir='ltr' id='par_1_12' title="bbox 228 1527 959 1605">
     <span class='ocr_line' id='line_1_15' title="bbox 228 1527 959 1605; baseline -0.007 -14"><span class='ocrx_word' id='word_1_94' title='bbox 228 1529 325 1591; x_wconf 87' lang='lat' dir='ltr'>Pebre</span> <span class='ocrx_word' id='word_1_95' title='bbox 350 1529 427 1590; x_wconf 88' lang='lat' dir='ltr'>calet</span> <span class='ocrx_word' id='word_1_96' title='bbox 451 1528 529 1587; x_wconf 89' lang='lat' dir='ltr'>sola:</span> <span class='ocrx_word' id='word_1_97' title='bbox 553 1528 722 1587; x_wconf 84' lang='lat' dir='ltr'>circumsilit</span> <span class='ocrx_word' id='word_1_98' title='bbox 745 1529 858 1605; x_wconf 80' lang='lat' dir='ltr'>agmine</span> <span class='ocrx_word' id='word_1_99' title='bbox 881 1527 959 1587; x_wconf 89' lang='lat' dir='ltr'>iacto</span> 
     </span>
    </p>

    <p class='ocr_par' dir='ltr' id='par_1_13' title="bbox 228 1612 1220 1858">
     <span class='ocr_line' id='line_1_16' title="bbox 228 1612 1129 1690; baseline -0.007 -14"><span class='ocrx_word' id='word_1_100' title='bbox 228 1615 395 1676; x_wconf 81' lang='lat' dir='ltr'>Morborum</span> <span class='ocrx_word' id='word_1_101' title='bbox 420 1630 504 1674; x_wconf 92' lang='lat' dir='ltr'>omne</span> <span class='ocrx_word' id='word_1_102' title='bbox 525 1631 632 1690; x_wconf 80' lang='lat' dir='ltr'>genus:</span> <span class='ocrx_word' id='word_1_103' title='bbox 663 1629 784 1690; x_wconf 82' lang='lat' dir='ltr'>quorum</span> <span class='ocrx_word' id='word_1_104' title='bbox 808 1613 833 1670; x_wconf 89' lang='lat' dir='ltr'>si</span> <span class='ocrx_word' id='word_1_105' title='bbox 856 1612 1129 1689; x_wconf 68' lang='lat' dir='ltr'>semianimem,</span> 
     </span>
     <span class='ocr_line' id='line_1_17' title="bbox 228 1693 1220 1777; baseline -0.001 -17"><span class='ocrx_word' id='word_1_106' title='bbox 228 1699 391 1777; x_wconf 86' lang='lat' dir='ltr'>Promptius</span> <span class='ocrx_word' id='word_1_107' title='bbox 417 1696 586 1776; x_wconf 81' lang='lat' dir='ltr'>expediam,</span> <span class='ocrx_word' id='word_1_108' title='bbox 609 1705 680 1776; x_wconf 87' lang='lat' dir='ltr'>quot</span> <span class='ocrx_word' id='word_1_109' title='bbox 701 1697 839 1756; x_wconf 86' lang='lat' dir='ltr'>amaverit</span> <span class='ocrx_word' id='word_1_110' title='bbox 861 1693 955 1773; x_wconf 86' lang='lat' dir='ltr'>Oppia</span> <span class='ocrx_word' id='word_1_111' title='bbox 976 1695 1130 1770; x_wconf 77' lang='lat' dir='ltr'>moechos,</span> <span class='ocrx_word' id='word_1_112' title='bbox 1164 1706 1220 1759; x_wconf 68' lang='lat'>2⁴20</span> 
     </span>
     <span class='ocr_line' id='line_1_18' title="bbox 229 1779 1029 1858; baseline -0.006 -15"><span class='ocrx_word' id='word_1_113' title='bbox 229 1783 308 1857; x_wconf 80' lang='lat' dir='ltr'>Quot</span> <span class='ocrx_word' id='word_1_114' title='bbox 330 1781 487 1842; x_wconf 82' lang='lat' dir='ltr'>Themison</span> <span class='ocrx_word' id='word_1_115' title='bbox 510 1797 619 1858; x_wconf 86' lang='lat' dir='ltr'>aegros</span> <span class='ocrx_word' id='word_1_116' title='bbox 640 1788 772 1840; x_wconf 86' lang='lat' dir='ltr'>autumno</span> <span class='ocrx_word' id='word_1_117' title='bbox 795 1779 937 1839; x_wconf 88' lang='lat' dir='ltr'>occiderit</span> <span class='ocrx_word' id='word_1_118' title='bbox 961 1797 1029 1854; x_wconf 88' lang='lat' dir='ltr'>uno,</span> 
     </span>
    </p>

    <p class='ocr_par' dir='ltr' id='par_1_14' title="bbox 228 1862 1079 2028">
     <span class='ocr_line' id='line_1_19' title="bbox 230 1862 1079 1944; baseline -0.005 -18"><span class='ocrx_word' id='word_1_119' title='bbox 230 1869 307 1940; x_wconf 79' lang='lat' dir='ltr'>Quot</span> <span class='ocrx_word' id='word_1_120' title='bbox 331 1866 442 1926; x_wconf 89' lang='lat' dir='ltr'>Basilus</span> <span class='ocrx_word' id='word_1_121' title='bbox 464 1867 580 1939; x_wconf 83' lang='lat' dir='ltr'>socios,</span> <span class='ocrx_word' id='word_1_122' title='bbox 605 1874 674 1944; x_wconf 87' lang='lat' dir='ltr'>quot</span> <span class='ocrx_word' id='word_1_123' title='bbox 699 1864 959 1943; x_wconf 84' lang='lat' dir='ltr'>circumscripserit</span> <span class='ocrx_word' id='word_1_124' title='bbox 979 1862 1079 1922; x_wconf 90' lang='lat' dir='ltr'>llirrus</span> 
     </span>
     <span class='ocr_line' id='line_1_20' title="bbox 228 1948 948 2028; baseline -0.007 -17"><span class='ocrx_word' id='word_1_125' title='bbox 228 1951 374 2028; x_wconf 87' lang='lat' dir='ltr'>Pupillos,</span> <span class='ocrx_word' id='word_1_126' title='bbox 399 1959 469 2027; x_wconf 88' lang='lat' dir='ltr'>quot</span> <span class='ocrx_word' id='word_1_127' title='bbox 494 1949 582 2026; x_wconf 84' lang='lat' dir='ltr'>longa</span> <span class='ocrx_word' id='word_1_128' title='bbox 608 1950 687 2008; x_wconf 82' lang='lat' dir='ltr'>viros</span> <span class='ocrx_word' id='word_1_129' title='bbox 709 1948 867 2008; x_wconf 77' lang='lat' dir='ltr'>exsorbent</span> <span class='ocrx_word' id='word_1_130' title='bbox 893 1964 948 2007; x_wconf 92' lang='lat' dir='ltr'>uuo</span> 
     </span>
    </p>

    <p class='ocr_par' dir='ltr' id='par_1_15' title="bbox 228 2030 1009 2112">
     <span class='ocr_line' id='line_1_21' title="bbox 228 2030 1009 2112; baseline -0.004 -18"><span class='ocrx_word' id='word_1_131' title='bbox 228 2035 328 2094; x_wconf 82' lang='lat' dir='ltr'>llaura</span> <span class='ocrx_word' id='word_1_132' title='bbox 352 2033 415 2108; x_wconf 83' lang='lat' dir='ltr'>die,</span> <span class='ocrx_word' id='word_1_133' title='bbox 438 2040 510 2112; x_wconf 89' lang='lat' dir='ltr'>quot</span> <span class='ocrx_word' id='word_1_134' title='bbox 533 2032 691 2110; x_wconf 88' lang='lat' dir='ltr'>discipulos</span> <span class='ocrx_word' id='word_1_135' title='bbox 714 2033 832 2092; x_wconf 86' lang='lat' dir='ltr'>inclinet</span> <span class='ocrx_word' id='word_1_136' title='bbox 855 2030 1009 2098; x_wconf 85' lang='lat' dir='ltr'>llamillus;</span> 
     </span>
    </p>

    <p class='ocr_par' dir='ltr' id='par_1_16' title="bbox 229 2115 1217 2277">
     <span class='ocr_line' id='line_1_22' title="bbox 229 2115 1217 2194; baseline 0 -16"><span class='ocrx_word' id='word_1_137' title='bbox 229 2119 399 2178; x_wconf 90' lang='lat' dir='ltr'>Percurram</span> <span class='ocrx_word' id='word_1_138' title='bbox 422 2118 523 2190; x_wconf 84' lang='lat' dir='ltr'>citius,</span> <span class='ocrx_word' id='word_1_139' title='bbox 551 2125 622 2194; x_wconf 88' lang='lat' dir='ltr'>quot</span> <span class='ocrx_word' id='word_1_140' title='bbox 641 2115 725 2175; x_wconf 85' lang='lat' dir='ltr'>villas</span> <span class='ocrx_word' id='word_1_141' title='bbox 751 2115 901 2194; x_wconf 86' lang='lat' dir='ltr'>possideat</span> <span class='ocrx_word' id='word_1_142' title='bbox 922 2133 1007 2190; x_wconf 91' lang='lat' dir='ltr'>nunc,</span> <span class='ocrx_word' id='word_1_143' title='bbox 1165 2125 1217 2178; x_wconf 69' lang='lat'>225</span> 
     </span>
     <span class='ocr_line' id='line_1_23' title="bbox 230 2198 1056 2277; baseline -0.006 -16"><span class='ocrx_word' id='word_1_144' title='bbox 230 2202 295 2274; x_wconf 83' lang='lat' dir='ltr'>Quo</span> <span class='ocrx_word' id='word_1_145' title='bbox 319 2201 458 2260; x_wconf 84' lang='lat' dir='ltr'>tondente</span> <span class='ocrx_word' id='word_1_146' title='bbox 480 2201 578 2277; x_wconf 84' lang='lat' dir='ltr'>gravis</span> <span class='ocrx_word' id='word_1_147' title='bbox 600 2201 696 2260; x_wconf 87' lang='lat' dir='ltr'>iuveni</span> <span class='ocrx_word' id='word_1_148' title='bbox 720 2201 787 2261; x_wconf 91' lang='lat' dir='ltr'>mihi</span> <span class='ocrx_word' id='word_1_149' title='bbox 809 2200 900 2260; x_wconf 90' lang='lat' dir='ltr'>barba</span> <span class='ocrx_word' id='word_1_150' title='bbox 926 2198 1056 2259; x_wconf 87' lang='lat' dir='ltr'>sonahat.</span> 
     </span>
    </p>

    <p class='ocr_par' dir='ltr' id='par_1_17' title="bbox 229 2282 1100 2436">
     <span class='ocr_line' id='line_1_24' title="bbox 230 2282 1100 2361; baseline -0.005 -15"><span class='ocrx_word' id='word_1_151' title='bbox 230 2285 283 2346; x_wconf 91' lang='lat' dir='ltr'>llle</span> <span class='ocrx_word' id='word_1_152' title='bbox 308 2285 444 2360; x_wconf 82' lang='lat' dir='ltr'>humero,</span> <span class='ocrx_word' id='word_1_153' title='bbox 469 2284 516 2345; x_wconf 92' lang='lat' dir='ltr'>hic</span> <span class='ocrx_word' id='word_1_154' title='bbox 539 2283 656 2361; x_wconf 85' lang='lat' dir='ltr'>lumbis,</span> <span class='ocrx_word' id='word_1_155' title='bbox 686 2284 733 2344; x_wconf 93' lang='lat' dir='ltr'>hic</span> <span class='ocrx_word' id='word_1_156' title='bbox 755 2302 829 2345; x_wconf 82' lang='lat' dir='ltr'>cora</span> <span class='ocrx_word' id='word_1_157' title='bbox 853 2283 972 2352; x_wconf 77' lang='lat' dir='ltr'>debilis:</span> <span class='ocrx_word' id='word_1_158' title='bbox 998 2282 1100 2343; x_wconf 87' lang='lat' dir='ltr'>ambos</span> 
     </span>
     <span class='ocr_line' id='line_1_25' title="bbox 229 2368 1018 2436; baseline -0.003 -6"><span class='ocrx_word' id='word_1_159' title='bbox 229 2368 356 2430; x_wconf 87' lang='lat' dir='ltr'>Perdidit</span> <span class='ocrx_word' id='word_1_160' title='bbox 380 2369 430 2430; x_wconf 87' lang='lat' dir='ltr'>ille</span> <span class='ocrx_word' id='word_1_161' title='bbox 453 2368 557 2428; x_wconf 89' lang='lat' dir='ltr'>oculos</span> <span class='ocrx_word' id='word_1_162' title='bbox 580 2377 610 2428; x_wconf 91' lang='lat' dir='ltr'>et</span> <span class='ocrx_word' id='word_1_163' title='bbox 630 2368 719 2428; x_wconf 89' lang='lat' dir='ltr'>luscis</span> <span class='ocrx_word' id='word_1_164' title='bbox 743 2369 866 2436; x_wconf 88' lang='lat' dir='ltr'>inridet;</span> <span class='ocrx_word' id='word_1_165' title='bbox 893 2368 976 2428; x_wconf 90' lang='lat' dir='ltr'>huius</span> <span class='ocrx_word' id='word_1_166' title='bbox 1015 2388 1018 2394; x_wconf 91' lang='lat'>·</span> 
     </span>
    </p>

    <p class='ocr_par' dir='ltr' id='par_1_18' title="bbox 229 2452 981 2531">
     <span class='ocr_line' id='line_1_26' title="bbox 229 2452 981 2531; baseline -0.004 -16"><span class='ocrx_word' id='word_1_167' title='bbox 229 2454 339 2515; x_wconf 82' lang='lat' dir='ltr'>Pallida</span> <span class='ocrx_word' id='word_1_168' title='bbox 362 2453 445 2514; x_wconf 84' lang='lat' dir='ltr'>labra</span> <span class='ocrx_word' id='word_1_169' title='bbox 466 2453 559 2514; x_wconf 90' lang='lat' dir='ltr'>cibum</span> <span class='ocrx_word' id='word_1_170' title='bbox 582 2454 726 2531; x_wconf 88' lang='lat' dir='ltr'>accipiunt</span> <span class='ocrx_word' id='word_1_171' title='bbox 748 2454 843 2530; x_wconf 83' lang='lat' dir='ltr'>digitis</span> <span class='ocrx_word' id='word_1_172' title='bbox 868 2452 981 2529; x_wconf 83' lang='lat' dir='ltr'>alienis,</span> 
     </span>
    </p>

    <p class='ocr_par' dir='ltr' id='par_1_19' title="bbox 228 2538 1218 2701">
     <span class='ocr_line' id='line_1_27' title="bbox 228 2538 1218 2617; baseline 0.002 -19"><span class='ocrx_word' id='word_1_173' title='bbox 228 2538 296 2617; x_wconf 92' lang='lat' dir='ltr'>lpse</span> <span class='ocrx_word' id='word_1_174' title='bbox 319 2538 354 2598; x_wconf 91' lang='lat' dir='ltr'>ad</span> <span class='ocrx_word' id='word_1_175' title='bbox 380 2547 569 2617; x_wconf 89' lang='lat' dir='ltr'>conspectum</span> <span class='ocrx_word' id='word_1_176' title='bbox 592 2555 703 2597; x_wconf 89' lang='lat' dir='ltr'>coenae</span> <span class='ocrx_word' id='word_1_177' title='bbox 726 2538 865 2598; x_wconf 88' lang='lat' dir='ltr'>diducere</span> <span class='ocrx_word' id='word_1_178' title='bbox 886 2538 988 2596; x_wconf 89' lang='lat' dir='ltr'>rictum</span> <span class='ocrx_word' id='word_1_179' title='bbox 1108 2571 1133 2601; x_wconf 50' lang='grc' dir='ltr'>κ.</span> <span class='ocrx_word' id='word_1_180' title='bbox 1167 2546 1218 2600; x_wconf 77' lang='lat'>230</span> 
     </span>
     <span class='ocr_line' id='line_1_28' title="bbox 229 2618 1131 2701; baseline -0.003 -18"><span class='ocrx_word' id='word_1_181' title='bbox 229 2625 334 2683; x_wconf 88' lang='lat' dir='ltr'>Suetus</span> <span class='ocrx_word' id='word_1_182' title='bbox 359 2623 418 2681; x_wconf 86' lang='lat' dir='ltr'>hiat</span> <span class='ocrx_word' id='word_1_183' title='bbox 442 2631 566 2696; x_wconf 85' lang='lat' dir='ltr'>tantum,</span> <span class='ocrx_word' id='word_1_184' title='bbox 591 2639 645 2680; x_wconf 91' lang='lat' dir='ltr'>ceu</span> <span class='ocrx_word' id='word_1_185' title='bbox 668 2622 763 2701; x_wconf 90' lang='lat' dir='ltr'>pullus</span> <span class='ocrx_word' id='word_1_186' title='bbox 787 2620 961 2698; x_wconf 81' lang='lat' dir='ltr'>hirundinis,</span> <span class='ocrx_word' id='word_1_187' title='bbox 984 2618 1019 2680; x_wconf 90' lang='lat' dir='ltr'>ad</span> <span class='ocrx_word' id='word_1_188' title='bbox 1043 2637 1131 2698; x_wconf 85' lang='lat' dir='ltr'>quem</span> 
     </span>
    </p>

    <p class='ocr_par' dir='ltr' id='par_1_20' title="bbox 230 2705 938 2783">
     <span class='ocr_line' id='line_1_29' title="bbox 230 2705 938 2783; baseline -0.003 -18"><span class='ocrx_word' id='word_1_189' title='bbox 230 2705 287 2765; x_wconf 91' lang='lat' dir='ltr'>Ore</span> <span class='ocrx_word' id='word_1_190' title='bbox 308 2705 388 2764; x_wconf 88' lang='lat' dir='ltr'>volat</span> <span class='ocrx_word' id='word_1_191' title='bbox 413 2706 501 2783; x_wconf 91' lang='lat' dir='ltr'>pleno</span> <span class='ocrx_word' id='word_1_192' title='bbox 525 2714 616 2764; x_wconf 91' lang='lat' dir='ltr'>mater</span> <span class='ocrx_word' id='word_1_193' title='bbox 640 2706 743 2765; x_wconf 89' lang='lat' dir='ltr'>ieiuna.</span> <span class='ocrx_word' id='word_1_194' title='bbox 781 2705 840 2766; x_wconf 89' lang='lat' dir='ltr'>Sed</span> <span class='ocrx_word' id='word_1_195' title='bbox 862 2706 938 2766; x_wconf 91' lang='lat' dir='ltr'>omni</span> 
     </span>
    </p>

    <p class='ocr_par' dir='ltr' id='par_1_21' title="bbox 228 2787 1019 2868">
     <span class='ocr_line' id='line_1_30' title="bbox 228 2787 1019 2868; baseline -0.001 -20"><span class='ocrx_word' id='word_1_196' title='bbox 228 2787 423 2848; x_wconf 86' lang='lat' dir='ltr'>hlenrbrorum</span> <span class='ocrx_word' id='word_1_197' title='bbox 444 2788 546 2847; x_wconf 90' lang='lat' dir='ltr'>damno</span> <span class='ocrx_word' id='word_1_198' title='bbox 569 2789 660 2848; x_wconf 88' lang='lat' dir='ltr'>maior</span> <span class='ocrx_word' id='word_1_199' title='bbox 685 2788 844 2864; x_wconf 89' lang='lat' dir='ltr'>dementia,</span> <span class='ocrx_word' id='word_1_200' title='bbox 870 2807 945 2868; x_wconf 86' lang='lat' dir='ltr'>quae</span> <span class='ocrx_word' id='word_1_201' title='bbox 963 2806 1019 2847; x_wconf 90' lang='lat' dir='ltr'>nec</span> 
     </span>
    </p>

    <p class='ocr_par' dir='ltr' id='par_1_22' title="bbox 228 2872 1000 2951">
     <span class='ocr_line' id='line_1_31' title="bbox 228 2872 1000 2951; baseline 0.001 -20"><span class='ocrx_word' id='word_1_202' title='bbox 228 2872 350 2933; x_wconf 89' lang='lat' dir='ltr'>Nomina</span> <span class='ocrx_word' id='word_1_203' title='bbox 376 2889 527 2932; x_wconf 87' lang='lat' dir='ltr'>serrorum</span> <span class='ocrx_word' id='word_1_204' title='bbox 549 2889 604 2931; x_wconf 87' lang='lat' dir='ltr'>nec</span> <span class='ocrx_word' id='word_1_205' title='bbox 625 2872 732 2934; x_wconf 86' lang='lat' dir='ltr'>vultum</span> <span class='ocrx_word' id='word_1_206' title='bbox 757 2875 888 2951; x_wconf 83' lang='lat' dir='ltr'>agnoscit</span> <span class='ocrx_word' id='word_1_207' title='bbox 906 2874 1000 2948; x_wconf 88' lang='lat' dir='ltr'>amici,</span> 
     </span>
    </p>

    <p class='ocr_par' dir='ltr' id='par_1_23' title="bbox 229 2955 1217 3120">
     <span class='ocr_line' id='line_1_32' title="bbox 229 2955 1217 3037; baseline 0.003 -20"><span class='ocrx_word' id='word_1_208' title='bbox 229 2955 300 3017; x_wconf 79' lang='lat' dir='ltr'>Cum</span> <span class='ocrx_word' id='word_1_209' title='bbox 322 2974 385 3037; x_wconf 80' lang='lat' dir='ltr'>qno</span> <span class='ocrx_word' id='word_1_210' title='bbox 403 2957 560 3036; x_wconf 87' lang='lat' dir='ltr'>praeterita</span> <span class='ocrx_word' id='word_1_211' title='bbox 583 2961 717 3018; x_wconf 84' lang='lat' dir='ltr'>coenavit</span> <span class='ocrx_word' id='word_1_212' title='bbox 740 2967 843 3032; x_wconf 84' lang='lat' dir='ltr'>nocte,</span> <span class='ocrx_word' id='word_1_213' title='bbox 867 2975 923 3017; x_wconf 89' lang='lat' dir='ltr'>nec</span> <span class='ocrx_word' id='word_1_214' title='bbox 944 2955 1022 3031; x_wconf 84' lang='lat' dir='ltr'>illos,</span> <span class='ocrx_word' id='word_1_215' title='bbox 1168 2965 1217 3020; x_wconf 69' lang='lat'>2³5</span> 
     </span>
     <span class='ocr_line' id='line_1_33' title="bbox 229 3041 1021 3120; baseline -0.004 -19"><span class='ocrx_word' id='word_1_216' title='bbox 229 3041 310 3115; x_wconf 82' lang='lat' dir='ltr'>Quos</span> <span class='ocrx_word' id='word_1_217' title='bbox 332 3042 447 3120; x_wconf 70' lang='lat' dir='ltr'>genuit3</span> <span class='ocrx_word' id='word_1_218' title='bbox 472 3059 546 3120; x_wconf 86' lang='lat' dir='ltr'>quos</span> <span class='ocrx_word' id='word_1_219' title='bbox 570 3041 676 3101; x_wconf 86' lang='lat' dir='ltr'>eduxit.</span> <span class='ocrx_word' id='word_1_220' title='bbox 710 3041 782 3102; x_wconf 86' lang='lat' dir='ltr'>Nam</span> <span class='ocrx_word' id='word_1_221' title='bbox 805 3041 907 3101; x_wconf 88' lang='lat' dir='ltr'>codice</span> <span class='ocrx_word' id='word_1_222' title='bbox 931 3057 1021 3100; x_wconf 87' lang='lat' dir='ltr'>saevo</span> 
     </span>
    </p>

    <p class='ocr_par' dir='ltr' id='par_1_24' title="bbox 228 3124 992 3202">
     <span class='ocr_line' id='line_1_34' title="bbox 228 3124 992 3202; baseline -0.003 -16"><span class='ocrx_word' id='word_1_223' title='bbox 228 3125 360 3186; x_wconf 87' lang='lat' dir='ltr'>Heredes</span> <span class='ocrx_word' id='word_1_224' title='bbox 380 3134 459 3184; x_wconf 87' lang='lat' dir='ltr'>vetat</span> <span class='ocrx_word' id='word_1_225' title='bbox 482 3143 549 3184; x_wconf 88' lang='lat' dir='ltr'>esse</span> <span class='ocrx_word' id='word_1_226' title='bbox 573 3142 659 3202; x_wconf 88' lang='lat' dir='ltr'>snos,</span> <span class='ocrx_word' id='word_1_227' title='bbox 682 3125 758 3187; x_wconf 88' lang='lat' dir='ltr'>bona</span> <span class='ocrx_word' id='word_1_228' title='bbox 780 3124 992 3187; x_wconf 84' lang='lat' dir='ltr'>tota&#39;ieruntnr</span> 
     </span>
    </p>

    <p class='ocr_par' dir='ltr' id='par_1_25' title="bbox 228 3208 1023 3284">
     <span class='ocr_line' id='line_1_35' title="bbox 228 3208 1023 3284; baseline -0.004 -15"><span class='ocrx_word' id='word_1_229' title='bbox 228 3208 274 3269; x_wconf 77' lang='lat' dir='ltr'>Ad</span> <span class='ocrx_word' id='word_1_230' title='bbox 300 3208 432 3277; x_wconf 82' lang='lat' dir='ltr'>Phialen:</span> <span class='ocrx_word' id='word_1_231' title='bbox 460 3218 565 3270; x_wconf 88' lang='lat' dir='ltr'>tantum</span> <span class='ocrx_word' id='word_1_232' title='bbox 588 3210 705 3270; x_wconf 82' lang='lat' dir='ltr'>artificis</span> <span class='ocrx_word' id='word_1_233' title='bbox 726 3209 806 3270; x_wconf 86' lang='lat' dir='ltr'>valet</span> <span class='ocrx_word' id='word_1_234' title='bbox 826 3209 930 3270; x_wconf 90' lang='lat' dir='ltr'>halitus</span> <span class='ocrx_word' id='word_1_235' title='bbox 952 3209 1023 3284; x_wconf 91' lang='lat' dir='ltr'>oris,</span> 
     </span>
    </p>

    <p class='ocr_par' dir='ltr' id='par_1_26' title="bbox 229 3292 1022 3365">
     <span class='ocr_line' id='line_1_36' title="bbox 229 3292 1022 3365; baseline -0.003 -13"><span class='ocrx_word' id='word_1_236' title='bbox 229 3293 314 3365; x_wconf 84' lang='lat' dir='ltr'>Quod</span> <span class='ocrx_word' id='word_1_237' title='bbox 340 3302 460 3353; x_wconf 90' lang='lat' dir='ltr'>steterat</span> <span class='ocrx_word' id='word_1_238' title='bbox 478 3294 574 3354; x_wconf 90' lang='lat' dir='ltr'>multis</span> <span class='ocrx_word' id='word_1_239' title='bbox 596 3295 625 3353; x_wconf 93' lang='lat' dir='ltr'>in</span> <span class='ocrx_word' id='word_1_240' title='bbox 648 3312 768 3355; x_wconf 87' lang='lat' dir='ltr'>carcere</span> <span class='ocrx_word' id='word_1_241' title='bbox 790 3293 911 3353; x_wconf 83' lang='lat' dir='ltr'>fornicis</span> <span class='ocrx_word' id='word_1_242' title='bbox 934 3292 1022 3353; x_wconf 92' lang='lat' dir='ltr'>annis.</span> 
     </span>
    </p>

    <p class='ocr_par' dir='ltr' id='par_1_27' title="bbox 229 3373 1019 3454">
     <span class='ocr_line' id='line_1_37' title="bbox 229 3373 1019 3454; baseline 0 -20"><span class='ocrx_word' id='word_1_243' title='bbox 229 3373 266 3434; x_wconf 86' lang='lat' dir='ltr'>lit</span> <span class='ocrx_word' id='word_1_244' title='bbox 287 3378 404 3454; x_wconf 89' lang='lat' dir='ltr'>vigeant</span> <span class='ocrx_word' id='word_1_245' title='bbox 430 3396 534 3437; x_wconf 91' lang='lat' dir='ltr'>sensus</span> <span class='ocrx_word' id='word_1_246' title='bbox 560 3379 661 3454; x_wconf 84' lang='lat' dir='ltr'>animi,</span> <span class='ocrx_word' id='word_1_247' title='bbox 690 3378 822 3439; x_wconf 87' lang='lat' dir='ltr'>ducenda</span> <span class='ocrx_word' id='word_1_248' title='bbox 846 3386 941 3437; x_wconf 90' lang='lat' dir='ltr'>tamen</span> <span class='ocrx_word' id='word_1_249' title='bbox 962 3377 1019 3434; x_wconf 88' lang='lat' dir='ltr'>sint</span> 
     </span>
    </p>

    <p class='ocr_par' dir='ltr' id='par_1_28' title="bbox 229 3457 968 3540">
     <span class='ocr_line' id='line_1_38' title="bbox 229 3457 968 3540; baseline 0.003 -22"><span class='ocrx_word' id='word_1_250' title='bbox 229 3457 343 3518; x_wconf 83' lang='lat' dir='ltr'>Funera</span> <span class='ocrx_word' id='word_1_251' title='bbox 366 3471 512 3536; x_wconf 83' lang='lat' dir='ltr'>natorum,</span> <span class='ocrx_word' id='word_1_252' title='bbox 536 3480 625 3540; x_wconf 86' lang='lat' dir='ltr'>rogus</span> <span class='ocrx_word' id='word_1_253' title='bbox 647 3463 831 3540; x_wconf 90' lang='lat' dir='ltr'>aspiciendus</span> <span class='ocrx_word' id='word_1_254' title='bbox 858 3471 968 3522; x_wconf 87' lang='lat' dir='ltr'>amatae</span> 
     </span>
    </p>

    <p class='ocr_par' dir='ltr' id='par_1_29' title="bbox 229 3537 1030 3625">
     <span class='ocr_line' id='line_1_39' title="bbox 229 3537 1030 3625; baseline 0.004 -25"><span class='ocrx_word' id='word_1_255' title='bbox 229 3537 369 3618; x_wconf 82' lang='lat' dir='ltr'>Coniugis</span> <span class='ocrx_word' id='word_1_256' title='bbox 391 3552 420 3602; x_wconf 92' lang='lat' dir='ltr'>et</span> <span class='ocrx_word' id='word_1_257' title='bbox 442 3544 539 3603; x_wconf 88' lang='lat' dir='ltr'>iratris</span> <span class='ocrx_word' id='word_1_258' title='bbox 567 3545 730 3625; x_wconf 88' lang='lat' dir='ltr'>plenaeque</span> <span class='ocrx_word' id='word_1_259' title='bbox 754 3545 905 3606; x_wconf 89' lang='lat' dir='ltr'>sororibus</span> <span class='ocrx_word' id='word_1_260' title='bbox 931 3559 1030 3604; x_wconf 84' lang='lat' dir='ltr'>urnae.</span> 
     </span>
    </p>
   </div>
   <div class='ocr_carea' id='block_1_3' title="bbox 0 0 1301 4020">
    <p class='ocr_par' dir='ltr' id='par_1_30' title="bbox 0 0 1301 4020">
     <span class='ocr_line' id='line_1_40' title="bbox 0 0 1301 4020; baseline 0 0"><span class='ocrx_word' id='word_1_261' title='bbox 0 0 1301 4020; x_wconf 95' lang='lat' dir='ltr'> </span> 
     </span>
    </p>
   </div>
  </div>
 </body>
</html>
