2592 4022
499 243 625 292 sennan
644 245 716 293 xrv.
1059 236 1099 298 07
1109 230 1113 238 ’

113 387 299 464 Flagrantem
320 384 380 444 late
402 393 431 444 et
453 385 614 462 rapientem
638 391 740 444 cuncta
760 383 885 460 videbis,
1047 397 1099 452 245
1163 387 1168 392 “

113 471 177 532 Nec
199 469 250 529 tibi
272 476 409 548 parcetur
431 469 556 542 misero,
582 466 784 544 trepidumque
806 469 973 546 magistrum

112 557 145 616 ln
168 571 259 614 cavea
280 569 385 629 magno
408 551 523 611 fremitu
547 550 595 611 leo
619 549 704 611 tollet
728 550 866 626 alumnus.

113 639 190 699 Nota
211 636 421 697 mathematicis
444 637 563 713 genesis
584 644 648 702 tna;
672 633 725 693 sed
746 652 837 712 grave
861 636 957 698 tardas

113 723 297 800 Exspectare
322 719 421 780 colus:
444 719 577 779 morieris
598 718 720 778 stamine
742 717 868 779 noudum

113 806 259 884 Abrupta.
293 802 352 864 lam
377 821 452 863 nunc
476 802 576 864 obstas
606 810 635 861 et
660 811 728 862 rota
750 803 883 878 moraris,
1048 815 1101 868 250

114 890 174 951 lam
200 896 318 966 torquet
339 889 472 947 iuvenem
496 886 584 964 longa
606 893 635 945 et
659 887 776 946 cervina
798 895 945 949 senectus.

116 973 203 1033 Ocius
227 970 415 1047 Archigenen
437 989 546 1049 quaere
569 979 656 1048 atque
681 988 744 1030 eme
767 970 844 1048 qnod
866 967 1046 1031 Mithridates

116 1055 302 1134 Composuit,
326 1055 351 1114 si
374 1056 419 1113 vis
440 1054 525 1115 aliam
546 1053 709 1131 decerpere
732 1053 818 1114 licum

116 1142 213 1219 Atque
235 1137 308 1197 alias
329 1146 457 1198 tractare
480 1155 573 1198 rosas.
606 1135 786 1198 hledicamen
807 1134 969 1201 habendum
991 1147 1046 1214 est,

116 1222 245 1285 Sorhere
266 1229 332 1281 ante
357 1221 451 1281 cibum
473 1221 551 1300 quod
573 1219 679 1282 debeat
700 1231 730 1282 et
752 1230 836 1300 pater
858 1230 888 1282 et
908 1237 972 1281 rex.
1049 1232 1100 1286 255

157 1306 289 1367 Monstro
311 1303 492 1384 voluptatem
514 1306 679 1382 egregiam,
704 1307 750 1367 cui
773 1305 852 1367 nulla
878 1305 1001 1383 theatra,

115 1390 202 1452 Nulla
225 1406 352 1468 aequare
378 1407 468 1467 queas
489 1391 634 1468 praetoris
657 1389 768 1468 pulpita
790 1388 870 1464 lauti,

116 1476 147 1536 Si
171 1481 308 1554 spectes,
336 1482 442 1551 quanto
466 1473 569 1551 capitis
592 1473 757 1533 discrimine
782 1479 916 1532 constent

115 1559 296 1618 Incrementa
324 1556 442 1632 domus,
466 1565 564 1616 aerata
586 1556 691 1615 multus
713 1556 743 1615 in
766 1571 834 1614 arca

114 1642 218 1703 Fiscus
241 1649 271 1701 et
294 1639 329 1700 ad
350 1639 469 1717 vigilem
491 1638 617 1718 ponendi
640 1636 762 1698 Castora
784 1638 899 1712 nummi,
1049 1647 1101 1704 260

115 1725 162 1786 Ex
183 1741 241 1804 quo
266 1722 343 1785 biars
365 1723 443 1783 ultor
464 1723 579 1800 galeam
602 1739 719 1802 quoqne
742 1721 868 1800 perdidit
888 1729 917 1780 et
939 1738 988 1780 res

116 1809 181 1868 Non
205 1809 298 1885 potnit
320 1824 440 1866 servare
460 1825 537 1867 suas.
569 1805 650 1884 Ergo
674 1807 768 1865 omnia
790 1804 897 1870 Florae

115 1893 153 1953 Et
175 1888 294 1952 Cereris
318 1891 388 1951 licet
408 1899 438 1950 et
459 1888 587 1966 Cybeles
611 1891 713 1950 aulaea
734 1889 899 1968 relinquas;

116 1977 209 2037 'lanto
230 1975 356 2035 maiores
378 1973 499 2034 humana
522 1976 640 2052 negotia
662 1974 730 2035 ludi.

116 2060 162 2120 lln
184 2061 275 2137 magis
300 2059 449 2119 oblectant
469 2060 592 2119 animum
613 2060 719 2119 iactata
741 2067 863 2137 petauro
1050 2064 1101 2119 265

117 2143 251 2223 Corpora
273 2144 380 2221 quique
402 2142 479 2203 solet
501 2152 613 2203 rectum
636 2142 817 2203 descendere
838 2141 946 2218 ionem,

117 2227 208 2303 Quam
233 2235 281 2301 tu,
304 2222 429 2301 Corycia
456 2244 572 2305 semper
594 2228 642 2305 qui
666 2244 764 2304 puppe
789 2226 911 2285 moraris

116 2312 214 2390 Atque
236 2308 364 2384 habitas,
389 2325 459 2368 coro
483 2327 601 2386 semper
622 2309 768 2368 tollendus
792 2317 822 2368 et
843 2316 951 2384 austro,

118 2394 263 2474 [Perditus
286 2411 322 2454 ac
342 2391 409 2452 vilis
431 2395 512 2453 sacci
534 2401 681 2452 mercator
702 2389 832 2469 olentis}

118 2478 174 2552 Qui
196 2477 318 2555 gaudes·
331 2477 439 2555 pingue
461 2478 595 2554 antiquae
621 2473 658 2535 de
681 2475 768 2535 litore
792 2470 898 2533 (hetae
1050 2481 1104 2538 270

116 2563 236 2624 Passum
259 2570 288 2621 et
309 2561 469 2638 municipes
490 2559 569 2620 lovis
593 2559 747 2620 advexisse
770 2553 913 2635 lagonas?

116 2645 171 2706 llic
194 2655 289 2706 tamen
312 2645 430 2722 ancipiti
456 2645 548 2722 ligens
572 2645 696 2720 vestigia
718 2642 816 2721 planta

115 2729 232 2789 Victum
248 2728 299 2789 illa
319 2729 457 2789 mercede
478 2736 562 2808 parat
581 2727 767 2806 bmmamqne
788 2725 952 2804 famemque

116 2812 171 2872 Illa
194 2820 274 2873 reste
296 2821 395 2872 cavet:
418 2821 449 2872 tu
471 2823 593 2892 propter
614 2813 693 2872 mille
714 2811 821 2872 talenta

117 2895 156 2954 Et
177 2904 291 2956 centum
312 2895 398 2955 villas
421 2899 603 2974 temerarius.
637 2895 747 2975 Aspice
770 2903 871 2975 portus
1052 2900 1103 2957 275

118 2977 156 3038 Et
178 2979 296 3059 plenum
318 2980 429 3056 magnis
453 2978 582 3040 trabibus
605 2998 700 3040 mare:
727 2979 792 3059 plus
815 2976 959 3038 hominum
982 2985 1026 3037 est
1048 2977 1102 3036 iam

117 3063 150 3122 ln
171 3063 296 3141 pelago;
318 3064 418 3123 veniet
439 3062 559 3138 classis,
584 3080 767 3142 quocumque
788 3062 902 3120 vocarit

119 3147 196 3224 Spes
221 3147 314 3224 lucri,
337 3165 394 3207 nec
417 3144 601 3225 Carpathium
623 3145 804 3224 Gaetulaque
827 3152 934 3204 tautum

118 3230 260 3308 Aequora
284 3231 442 3308 transiliet,
467 3231 520 3291 sed
544 3230 632 3310 longe
660 3229 751 3308 Calpe
774 3228 877 3289 relicta

119 3312 227 3375 Audiet
248 3312 396 3376 Herculeo
423 3316 592 3377 stridentem
614 3315 730 3394 gurgite
754 3313 856 3372 solem.
1052 3319 1106 3376 280

119 3396 235 3460 Grande
259 3416 369 3479 operae
396 3401 518 3478 pretium
541 3408 604 3476 est,
627 3408 657 3460 ut
682 3407 766 3458 tenso
789 3395 862 3457 iolle
884 3395 992 3456 reverti

118 3479 190 3541 lnde
213 3481 327 3545 domurn
348 3483 446 3562 possis
470 3483 636 3564 tumidaque
658 3479 801 3560 superbus
825 3479 903 3541 aluta

160 3585 218 3625 mv.
233 3587 293 3627 err.
914 3563 934 3623 'l
