2552 4028
498 267 622 316 suumn
644 266 696 314 111.

102 408 187 472 Nunc
207 409 284 470 sacri
305 409 392 469 fontis
414 424 514 468 nemus
536 415 566 466 et
591 405 713 468 delubra
734 406 866 466 locantur

102 493 238 570 ludaeis,
263 510 383 573 quorum
405 490 546 570 cophinus
567 489 742 568 foenumque
762 489 913 567 supellax;

104 576 221 657 (Omnis
240 579 315 638 enim
337 575 447 656 populo
468 575 634 638 mercedem
654 574 785 653 pendere
808 575 886 636 iussa
907 582 953 635 est
1060 585 1092 640 15

103 662 219 737 Arbor,
241 670 271 722 et
290 661 393 722 eiectis
414 659 558 722 mendicat
574 658 648 720 silva
672 656 837 737 Camenis3)

102 745 262 807 Inuallem
282 743 416 822 Egeriae·
433 743 637 818 descendimus
661 751 690 804 et
711 741 866 820 speluncas

103 829 269 891 Dissimiles
291 830 385 890 veris:
409 836 515 906 quanto
537 828 721 905 praesentius
744 835 825 886 esset

103 914 217 974 Numen
237 931 348 992 aquae,
371 912 455 974 viridi
474 913 498 971 si
519 912 647 988 margine
671 911 821 972 clauderet
841 909 932 972 undas

103 998 203 1058 llerha
224 1015 281 1058 neo
302 998 458 1074 ingenuum*
477 995 622 1055 violarent
642 1009 783 1055 marmora
804 993 908 1056 tolum!
1058 1005 1093 1057 20

103 1082 158 1142 llic
174 1090 242 1141 tunc
264 1079 442 1143 Umbricius:
474 1077 594 1153 Quando
617 1079 743 1153 artibus,
767 1080 872 1156 inquit,
892 1076 1024 1140 honestis
1129 1096 1131 1100 ·

103 1165 208 1225 Nullus
229 1166 257 1224 in
278 1163 351 1226 urhe
373 1164 474 1240 locus,
498 1163 575 1224 nulla
596 1163 790 1224 emolumenta
811 1161 954 1238 laborum,

104 1249 166 1308 Res
188 1249 276 1311 hodie
299 1248 392 1310 minor
413 1257 475 1325 est,
503 1246 575 1308 here
596 1265 680 1326 quem
702 1247 769 1322 luit,
792 1255 879 1324 atque
903 1246 1005 1310 eadem
1027 1263 1091 1306 cras

103 1333 228 1393 Deteret
248 1334 360 1410 exiguis
382 1332 505 1411 aliquid:
530 1333 720 1410 proponimus
740 1330 810 1392 illuc

104 1417 169 1492 Ire,
188 1416 323 1494 fatigatas
345 1417 393 1476 ubi
414 1415 562 1479 Daedalus
585 1417 665 1476 exuit
686 1415 759 1477 alas.
1058 1426 1092 1482 at

103 1500 179 1560 Dum
200 1517 275 1560 nova
298 1501 437 1577 canities,
458 1501 524 1562 dum
544 1501 635 1580 prima
657 1508 687 1560 et
705 1507 786 1560 recta
809 1506 956 1574 senectus,

103 1584 178 1644 Dum
200 1593 336 1664 superest
359 1584 482 1648 Lachesi
506 1585 583 1663 quod
606 1591 757 1662 torqueat,
782 1592 811 1644 et
832 1581 957 1660 pedihus
978 1600 1024 1642 me

103 1669 192 1729 Porto
213 1669 301 1744 meis,
323 1669 402 1729 nullo
426 1670 554 1729 dextram
577 1667 718 1728 subeunte
739 1666 859 1743 bacillo,

104 1750 250 1811 Cedamus
270 1753 378 1829 patria:
400 1754 496 1812 vivant
516 1751 651 1812 Artorius
671 1750 737 1810 istic

105 1835 142 1896 ut
165 1831 300 1903 Catulum
322 1844 473 1909 maneant,
497 1836 544 1913 qui
567 1837 679 1913 nigrum
701 1836 730 1896 in
751 1835 872 1896 candida
894 1841 1019 1910 vertunt,
1057 1842 1093 1898 30

104 1918 198 1993 Queis
219 1919 307 1979 facile
330 1928 376 1979 est
396 1919 500 1980 aedem
524 1920 707 1996 conducere,
730 1918 995 1998 flumina,·portus,

104 2004 275 2066 siccandam
297 2003 435 2079 eluviem,
457 2004 627 2081 portandum
647 2003 683 2066 ad
705 2004 788 2067 hosta
812 2003 947 2079 cadaver,

103 2087 142 2152 itt
162 2087 306 2166 praehere
330 2095 417 2166 caput
438 2087 550 2150 domina
571 2087 675 2148 venale
699 2088 752 2148 suh
774 2087 865 2148 hasta.

104 2170 256 2246 Quondam
278 2171 306 2231 hi
331 2173 495 2234 cornicines
518 2180 547 2232 et
567 2172 749 2250 municipalis
771 2189 878 2232 arenae

103 2255 242 2335 Perpetui
265 2257 386 2316 comites
406 2264 552 2335 notaeque
574 2273 628 2334 per
650 2256 757 2334 oppida
779 2255 891 2316 buccae
1057 2263 1091 2318 3⁵

103 2337 222 2399 liunera
244 2357 319 2400 nunc
342 2339 447 2418 edunt,
473 2349 502 2400 et
519 2354 607 2400 verso
633 2339 744 2416 pollice
763 2338 871 2416 vulgus
948 2356 951 2362 ·

103 2422 197 2496 Quem
219 2422 301 2483 iubet
323 2423 459 2486 occidunt
480 2422 673 2500 populariter:
696 2421 763 2482 inde
784 2422 898 2481 reversi

104 2504 277 2567 Conducunt
297 2506 427 2580 ionicas;
455 2514 485 2571 et
506 2524 557 2566 cur
573 2522 630 2564 uon
652 2501 769 2567 omnia?
792 2522 878 2584 quum
900 2504 967 2580 siut,

103 2588 214 2663 Quales
236 2609 274 2652 ex
296 2589 395 2652 humili
417 2607 520 2667 magna
542 2589 578 2652 ad
599 2589 714 2666 fastigia
736 2605 833 2650 reram

102 2674 241 2752 Extollit,
265 2676 380 2755 quoties
402 2675 492 2736 voluit
501 2673 626 2736 Fortuna
646 2674 747 2735 iocari.
1058 2680 1094 2736 lt

102 2757 180 2831 Quid
202 2757 314 2820 Romae
336 2755 461 2824 faciani
483 2759 597 2820 mentiri
618 2760 738 2832 nescio;
761 2757 875 2833 libmm‚

102 2843 135 2904 Si
158 2842 249 2904 malus
271 2852 335 2919 est,
355 2857 471 2922 nequeo
493 2842 611 2904 laudare
633 2853 662 2904 et
684 2860 829 2922 poscere;
851 2850 946 2902 motas

102 2926 257 2990 detrorum
278 2929 398 3006 ignor-03
416 2928 501 2988 funus
524 2929 694 3006 promittere
717 2928 807 3005 patris

102 3012 168 3075 Nec
189 3014 259 3074 volo
280 3030 336 3073 nec
360 3028 493 3091 possum
515 3028 648 3072 ranarum
667 3012 783 3072 viscere
804 3027 955 3088 numquam

103 3098 241 3177 Inspexi;
262 3095 343 3158 ierne
365 3095 402 3158 ad
423 3103 557 3174 nuptam,
580 3113 656 3175 quae
676 3095 760 3158 mittit
781 3091 905 3168 adulter,
1059 3098 1092 3152 tt

105 3181 189 3256 Quae
209 3181 339 3258 mandat,
362 3189 466 3244 norunt
489 3179 552 3253 alii3
573 3198 619 3244 me
642 3197 727 3242 nemo
747 3179 877 3240 ministro

103 3262 163 3329 Fur
182 3266 253 3343 erit,
278 3275 364 3343 atque
384 3265 452 3326 ideo
473 3263 544 3326 nulli
566 3282 665 3328 comes
685 3280 780 3338 exeo,
804 3271 947 3338 tamquam

104 3349 226 3412 Mantus
246 3358 275 3410 et
298 3350 460 3412 exstinctae
483 3367 591 3429 corpus
614 3366 671 3410 non
696 3348 764 3410 utile
787 3345 919 3406 dextrae.

105 3432 179 3506 Quis
201 3453 276 3494 niuno
298 3435 439 3512 diligitur,
459 3434 513 3494 nisi
535 3435 686 3508 conscius,
710 3440 739 3492 et
761 3430 807 3490 cni
829 3428 950 3492 fervens

106 3516 229 3578 Aestuat
251 3519 375 3580 occultis
390 3520 500 3582 animus
517 3533 696 3596 semperque
718 3511 871 3576 tacendis?
1062 3527 1094 3578 st
