2592 4022
190 263 231 324 96
503 272 537 319 u.
561 271 632 319 nun.
652 268 839 320 nuuurssurs

189 413 273 477 Unde
297 411 423 487 babeas,
446 411 559 489 quaerit
579 426 682 486 nemo,
705 407 758 470 sed
781 408 898 490 oportet
920 409 1046 474 babere:

188 498 253 560 lloc
274 503 435 557 monstrant
455 493 574 555 vetulae
597 496 696 573 pnerb
719 493 897 573 repentibus·
912 511 1008 572 assae,

188 582 253 643 lloc
276 581 389 642 discunt
413 596 513 640 omues
537 587 603 638 aute
627 577 713 656 ulpba
735 586 767 638 et
788 576 856 638 beta
878 578 1062 658 puellae.·-
1115 571 1118 578 '

189 663 308 727 Talibus
329 665 482 724 instantem
502 663 625 722 monitis
642 679 853 742 quemcumque
876 673 1027 740 parentem
1122 677 1182 732 210

189 750 239 810 Sic
262 766 380 828 possem
402 747 500 809 affari:
525 745 597 822 Dic,
621 763 638 806 o
662 747 833 822 sanissime,
860 747 924 824 quis
949 755 980 808 te

187 833 340 894 Festiuare
363 827 464 892 iubet?
487 825 638 891 meliorem
663 839 783 909 praesto
804 831 945 908 magistro

188 917 378 996 Discipnlum.
419 916 546 976 Securus
574 912 636 983 abi;
659 915 802 990 sinceris,
830 923 861 974 nt
881 911 974 974 Aiax·

187 1002 341 1063 Praeteriit
366 997 623 1075 Telamonem,'ut
644 996 733 1061 Pelea
754 999 824 1058 vicit
845 997 989 1058 Acbilles.

187 1085 367 1147 Parcendum
388 1092 434 1143 est
455 1083 581 1144 teneris:
608 1081 733 1143 noudum
756 1082 918 1160 implevere
938 1083 1080 1144 medullas
1123 1095 1178 1151 art

187 1167 318 1230 blatume
342 1167 418 1228 mala
443 1168 605 1246 nequitiae;
628 1175 673 1226 ast
696 1184 783 1247 quum
805 1175 928 1244 pectere
949 1167 1066 1229 barbam

189 1250 330 1332 Coeperit
351 1260 380 1311 et
403 1251 484 1328 longi
504 1266 672 1310 mucronem
695 1251 846 1310 admittere
872 1250 965 1327 cultri,

187 1335 291 1397 Falsus
317 1336 372 1395 erit
392 1335 495 1409 testis,
520 1333 629 1393 vendet
650 1335 777 1412 periuria
800 1353 909 1396 summa

187 1419 302 1498 Exigua
324 1426 355 1480 et
377 1415 495 1479 Cereris
519 1424 641 1494 tangens
664 1435 801 1496 aramque
827 1419 1000 1498 pedemque.

186 1503 301 1565 Elatam
326 1505 381 1564 iam
409 1501 497 1563 crede
521 1519 641 1579 nurum,
665 1503 690 1562 si
713 1501 808 1562 limina
831 1513 929 1563 restra
1120 1517 1177 1571 πο

186 1586 339 1649 Mortifera
364 1605 428 1647 cum
452 1585 521 1668 dote
543 1584 634 1646 subit:
659 1584 762 1666 quibus
788 1584 839 1646 illa
862 1596 1012 1665 premetur

186 1673 243 1734 Per
265 1687 395 1733 somnum
416 1669 526 1747 digitis!
549 1687 614 1730 nam
637 1687 711 1748 quae
733 1680 870 1749 terraque
892 1674 1021 1752 marique
1135 1674 1140 1684 '

185 1755 374 1834 adquirenda
395 1763 495 1835 putas,
516 1753 636 1815 brevior
660 1754 706 1815 via
730 1753 863 1814 conferet
888 1755 940 1817 illi.

187 1839 291 1902 Nullus
318 1841 393 1900 enim
416 1839 513 1917 magni
535 1836 660 1899 sceleris
684 1837 776 1898 labor.
811 1837 891 1900 llaec
916 1857 973 1919 ego
996 1858 1148 1920 numquam

186 1922 336 2000 blandesi,
362 1923 444 1984 dices
472 1923 556 1998 olim,
580 1939 637 1983 nec
661 1922 729 1983 talia
756 1924 849 1992 suasi;
1120 1935 1174 1990 225

185 2007 292 2068 blentis
317 2023 404 2068 causa
425 2005 519 2066 malae
542 2014 638 2065 tamen
662 2014 707 2065 est
730 2014 760 2066 et
781 2007 865 2084 origo
887 2025 979 2086 penes
1000 2017 1040 2070 te.

185 2089 259 2152 Nam
282 2090 411 2170 quisquis
435 2090 530 2166 magni
554 2106 658 2149 census
682 2091 835 2168 praecepit
858 2107 995 2169 amorem,

185 2175 224 2236 Et
248 2174 336 2235 laevo
360 2173 468 2233 monitu
492 2189 601 2252 pueros
628 2173 762 2251 producit
785 2191 901 2248 avaros,

188 2257 238 2338 [Et
259 2260 308 2336 qui
325 2274 380 2336 per
402 2257 520 2318 fraudes
543 2257 713 2336 patrimonia
737 2257 968 2339 conduplicare}

185 2342 242 2403 Dat
265 2341 431 2403 libertatem
452 2350 481 2402 et
501 2351 578 2403 totas
602 2342 720 2403 effundit
742 2341 871 2403 habenas
1121 2359 1175 2412 230

186 2423 357 2495 Curriculo:
385 2443 470 2504 quem
495 2427 519 2486 si
542 2443 685 2503 revoces,
716 2423 876 2486 subsistere
899 2427 993 2489 nescit

185 2509 223 2571 m
244 2520 274 2572 te
304 2518 472 2590 contempto
497 2511 608 2588 rapitur
631 2512 773 2589 metisque
796 2509 916 2571 relictis.

185 2593 278 2655 Nemo
304 2595 375 2656 satis
398 2593 491 2654 credit
513 2603 621 2655 tantum
643 2593 830 2672 delinquere,
855 2603 989 2673 quantum

185 2678 354 2747 Permittas;
380 2677 456 2739 adeo
481 2677 630 2755 indulgent
654 2677 710 2738 sibi
735 2678 820 2738 latius
842 2679 907 2758 ipsi.

187 2759 281 2834 Quum
306 2759 378 2821 dicis
404 2763 503 2822 iuveni
529 2762 664 2837 stultum,
692 2761 740 2839 qni
762 2761 851 2822 donet
875 2765 978 2840 amico,
1121 2775 1174 2830 235

187 2844 243 2919 Qui
265 2851 466 2923 paupertatem
487 2845 567 2905 levet
588 2844 760 2923 attollatque
783 2849 948 2927 propinqui,

186 2925 223 2989 Et
246 2929 376 3008 spoliare
398 2928 490 2989 doces
512 2937 541 2989 et
567 2928 808 2991 circumscribere
836 2940 865 2991 et
888 2931 964 2992 omui

186 3009 311 3073 Grimiue
336 3012 449 3075 divitias
472 3009 643 3091 adquirere,
669 3031 787 3092 quarum
812 3032 892 3075 amor
913 3018 941 3076 in
963 3023 993 3076 te

186 3095 315 3170 Quantus
344 3105 407 3158 erat
429 3098 541 3177 patriae
559 3096 717 3157 Declornm
738 3099 767 3159 iu
789 3109 927 3177 pectore,
950 3109 1085 3181 quantum

184 3179 295 3242 Dilexit
318 3180 453 3257 Thebas,
476 3183 502 3241 si
524 3179 647 3243 Graecia
667 3199 755 3259 vera,
781 3180 976 3254 Menoeceus:
1119 3194 1173 3249 240

185 3263 218 3324 In
247 3281 367 3344 quorum
392 3265 479 3326 sulcis
506 3264 641 3344 legiones
666 3264 798 3327 dentibus
820 3268 922 3345 anguis

186 3343 258 3408 Gnm
280 3349 384 3428 clipeis
406 3359 562 3410 nascuntur
586 3361 615 3410 et
638 3349 756 3412 horrida
776 3350 854 3412 bella
881 3360 1039 3431 capessunt

184 3423 346 3509 (lactineo,
371 3441 514 3514 tamquam
540 3443 569 3494 et
589 3433 706 3495 tubicen
725 3437 886 3496 surrexerit
908 3453 972 3497 una.

186 3508 266 3590 Ergo
290 3515 405 3595 ignem,
431 3518 511 3578 cuius
536 3517 678 3580 scintillas
706 3519 771 3597 ipse
791 3519 908 3599 dedisti,
