2592 4022
461 217 586 266 SA'HRA
608 218 685 266 vm.

94 362 294 440 Incertaeque
316 359 376 434 rei,
401 355 531 418 Phalaris
554 355 625 417 licet
647 359 771 437 imperet
795 367 826 420 ut
847 357 888 420 sis

93 444 203 506 Falsus
227 451 255 504 et
280 442 395 503 admoto
424 440 514 500 dictet
538 442 665 520 periuria
690 450 784 519 tauro,

95 531 245 590 Summum
273 526 364 587 crede
390 526 475 585 nefas
497 527 617 586 animaru
644 526 797 604 praeferre
821 526 927 605 pudori

94 612 137 674 Et
161 620 285 691 propter
309 613 397 672 vitam
419 609 536 670 vivendi
557 609 685 688 perdere
709 629 822 672 causas.

94 698 212 776 Dignus
232 704 327 766 morte
349 696 442 774 perit,
466 703 572 754 coenet
594 694 665 754 licet
688 705 786 756 ostrea
810 703 924 757 centum
1055 705 1090 759 85

96 783 232 843 Gaurana
260 788 289 840 et
316 777 416 840 cosmi
438 786 501 838 toto
525 777 674 855 mergetur
696 798 781 840 aeno.

94 864 279 944 Exspectata
304 864 361 924 diu
378 861 493 924 taudem
518 865 669 941 provincia
691 883 776 945 quum
799 874 828 924 te

95 949 259 1010 Rectorem
284 949 426 1027 accipiet,
445 963 528 1025 poue
547 949 609 1008 irae
633 947 716 1009 frena
740 947 925 1027 modumque,

94 1034 179 1095 Poue
205 1042 235 1094 et
257 1029 412 1107 avaritiae,
435 1032 579 1092 miserere
601 1032 719 1111 inopum
742 1033 909 1093 sociorum:

96 1116 176 1178 Ossa
192 1117 277 1177 vides
300 1134 397 1176 rerum
422 1117 523 1176 vacuis
546 1093 668 1176 cbsucta
690 1116 834 1178 medullis.
1056 1123 1091 1178 90

94 1200 245 1281 Respice,
272 1199 341 1280 quid
363 1209 498 1260 moueant
519 1200 621 1278 leges,
645 1201 714 1280 quid
738 1203 817 1262 curia
838 1199 965 1276 mandet,

94 1286 231 1347 Praemia
254 1294 359 1364 quauta
382 1284 478 1345 bonos
500 1293 651 1362 maneant,
677 1305 762 1365 quam
782 1285 900 1346 fulmine
922 1287 998 1345 iusto

94 1368 137 1430 Et
159 1367 265 1450 Cupito
292 1375 322 1428 et
345 1367 477 1430 Numitor
498 1370 625 1446 ruerint,
651 1369 802 1431 damuante
826 1377 938 1445 senatu,

94 1455 214 1516 Piratae
242 1450 376 1514 Cilicum.
416 1453 477 1514 Sed
499 1452 567 1532 quid
593 1453 735 1513 damuatio
761 1449 898 1514 conferti
1078 1517 1085 1532 .

94 1539 296 1614 Praeconem,
318 1534 505 1616 Chaerippe,
529 1537 585 1596 tuis
608 1538 801 1616 circumspice
825 1537 938 1614 pannis,
1059 1537 1093 1590 95

41 1681 45 1688 ,
96 1621 195 1696 Quum
217 1618 310 1682 Pansa
333 1622 454 1700 eripiat,
482 1619 620 1699 quidquid
644 1620 696 1680 tibi
718 1620 804 1682 Natta
825 1619 955 1698 reliquit,

94 1707 218 1785 lamque
242 1713 323 1776 taoe;
346 1707 427 1767 iuror
451 1711 498 1765 set
520 1703 707 1783 post‘omniu
730 1705 858 1784 perdere
883 1702 1007 1764 naulum.

94 1789 165 1851 Nou
187 1788 263 1850 idem
283 1789 409 1869 gemitus
434 1788 511 1856 olim
526 1806 623 1868 neque
645 1789 749 1849 vulnus
777 1797 839 1850 erat
861 1806 914 1866 par

94 1874 295 1951 Damuorum,
322 1875 411 1934 sociis
434 1873 606 1935 florentibus
629 1881 657 1933 et
679 1874 766 1934 modo
790 1873 885 1933 victis.

95 1957 190 2019 Plena
214 1957 317 2019 domus
339 1968 408 2019 tuuc
429 1958 537 2035 omnis,
561 1965 591 2018 et
612 1957 833 2036 ingenssmhat
855 1974 978 2019 acervus
1042 1967 1093 2018 100

95 2041 302 2119 Nummorum,
329 2043 470 2122 Spartana
495 2042 641 2120 chlamys,
668 2043 821 2120 conchylia
844 2039 917 2121 Goa,

96 2126 136 2188 Et
161 2145 224 2187 cum
250 2126 395 2188 Parrhasii
416 2127 524 2189 tabulis
549 2128 698 2206 signisque
723 2127 852 2204 Myronis

96 2210 267 2272 Phidiacum
288 2205 407 2272 virebat
429 2211 520 2289 ebur,
549 2227 606 2272 neo
629 2229 687 2272 non
709 2211 845 2288 Polycliti

96 2293 207 2356 hlultus
231 2294 339 2374 ubique
363 2294 463 2364 lahor;
488 2312 573 2356 rarae
594 2293 659 2355 ¹siue
680 2295 814 2358 hleutore
837 2312 965 2355 mensae.

96 2378 170 2440 lude
196 2376 373 2440 Dolabellae
396 2388 483 2459 atque
507 2377 574 2438 hinc
597 2377 758 2456 Antonius,
781 2378 849 2438 iude
1041 2387 1093 2438 105

98 2462 271 2541 Sacrilegus
296 2463 408 2523 Verres
431 2462 601 2523 referebant
627 2463 748 2523 navibus
771 2462 837 2524 altis

99 2545 224 2608 Occulta
246 2547 341 2625 spolia
364 2556 393 2607 et
415 2547 515 2626 plures
538 2545 575 2606 de
599 2564 674 2626 pace
695 2545 866 2625 triumphos.

98 2630 184 2692 Nunc
206 2632 295 2691 sociis
318 2633 386 2710 iuga
410 2649 504 2711 pauca
525 2631 632 2708 boum,
658 2649 734 2710 grex
757 2647 864 2711 parvus
888 2647 1024 2708 equarum

98 2714 137 2776 m
160 2723 246 2794 pater
271 2715 392 2776 armenti
415 2725 500 2796 capto
524 2718 663 2795 eripiatur
688 2717 800 2795 agello,

97 2799 160 2878 lpsi
187 2798 293 2860 deiude
314 2798 421 2876 hares,
446 2803 470 2860 si
494 2800 572 2879 quod
596 2801 762 2880 spectabile
785 2803 906 2878 signum,
1043 2809 1093 2861 110

100 2884 132 2944 Si
160 2884 226 2963 quis
251 2885 279 2943 iu
302 2883 435 2944 aedicula
459 2884 531 2945 deus
554 2885 670 2956 unicum
696 2886 771 2947 haec
795 2886 901 2946 etenim
925 2892 988 2943 sunt

99 2968 157 3027 Pro
185 2969 320 3043 summis,
342 2986 407 3028 nam
431 2979 497 3029 sunt
520 2968 595 3029 haec
619 2971 751 3030 maxima.
789 2968 945 3046 Despicias
968 2976 998 3026 tu

99 3049 236 3112 Forsitan
257 3051 393 3113 imbelles
415 3051 547 3114 Rhodios
569 3064 742 3135 unctamque
765 3051 942 3113 Corinthon:

100 3133 260 3214 Despicias
288 3140 408 3207 merito;
434 3138 502 3217 quid
524 3140 651 3200 resinata
672 3141 804 3199 iuventus

102 3217 256 3300 cruraque
279 3222 367 3282 totius
389 3222 497 3282 facient
518 3222 570 3282 tibi
594 3222 672 3285 levia
693 3219 811 3300 gentis?
832 3245 836 3252 ·
917 3283 921 3290 ,
1043 3231 1094 3284 115

100 3303 228 3364 llorrida
252 3305 367 3367 vitanda
388 3314 433 3366 est
455 3305 610 3386 Hispania,
639 3301 767 3368 Gallicus
788 3307 850 3366 axis

100 3387 311 3468 Illyricumque
334 3390 423 3460 lutus;
447 3409 538 3470 parce
561 3401 590 3452 et
611 3390 791 3452 messoribus
813 3389 883 3462 illis,

101 3471 161 3546 Qui
184 3482 312 3536 saturant
334 3473 435 3534 urbem
461 3476 542 3536 circo
566 3494 733 3557 saeuaeque
755 3483 917 3536 vacantem.
