2592 4022
176 154 218 219 88
503 169 538 218 o.
555 169 627 216 run.
644 167 830 219 uuvnusms

176 307 258 369 llaec
278 316 365 387 quota
388 324 455 386 pars
478 305 640 382 scelerum,
664 324 740 385 quae
759 314 859 368 custos
879 304 1010 368 Gallicus
1029 307 1112 370 urbis
1148 308 1152 314 ’

176 391 277 470 Usque
298 411 315 453 e
334 390 478 467 lucifero,
502 390 596 451 donec
619 390 668 450 lux
691 390 822 466 occidat,
846 387 944 451 auditi

176 475 296 536 Humani
318 475 437 554 generis
458 491 556 536 mores
579 473 631 534 tibi
653 490 742 534 nosse
765 473 876 534 volenti

177 558 290 620 Sufficit
310 576 367 620 nna
389 558 506 644 domum
530 574 641 637 paucos
664 574 802 618 consume
824 558 903 635 dies,
932 567 962 618 et
1112 572 1167 625 loo

175 642 285 703 Dicere
310 651 339 702 te
361 643 514 718 miserum,
540 651 693 721 postquam
714 640 794 703 illiue
814 643 949 717 renerio,
975 642 1060 703 aude.

176 725 248 800 Quis
270 726 406 787 tumidum
428 734 525 803 guttur
546 727 663 786 miratur
682 726 711 784 in
732 721 879 804 Alpibus?
901 735 950 787 aut
973 727 1037 805 quis

175 809 208 871 lu
231 809 332 870 bleroe
359 826 460 870 crasso
482 810 620 870 maiorem
642 810 750 870 infante
775 805 950 870 mamillam?

177 891 301 956 Gaetula
325 895 388 973 quis
412 895 520 973 stupuit
541 890 675 954 Germani
699 893 820 969 luruina,
844 892 947 954 llavam
1288 939 1289 968 ,

176 975 344 1039 Caesarium
367 986 397 1039 et
416 978 529 1038 madido
552 986 734 1056 torquentem
757 994 866 1038 cornua
888 977 989 1038 cirre?
1114 987 1169 1043 165
1288 983 1289 1056 ζ

174 1060 287 1141 Nempe
311 1061 388 1141 quod
411 1062 484 1123 baec
508 1061 566 1122 illis
587 1071 689 1123 natura
711 1070 757 1122 est
779 1059 910 1122 omnibus
931 1079 996 1122 una.

175 1143 222 1205 Ad
243 1143 353 1206 subitas
375 1144 518 1206 Thracum
539 1144 678 1206 volucres
699 1145 863 1224 nubemque
885 1161 1021 1208 sonoram

175 1228 337 1306 Pygmaeus
359 1230 457 1307 parvis
480 1229 568 1290 currit
590 1228 718 1289 bellator
739 1229 768 1289 in
790 1229 888 1305 armis,

178 1309 243 1372 llox
266 1312 358 1391 impar
379 1311 457 1372 bosti
476 1320 635 1391 raptusque
660 1330 715 1392 per
736 1330 804 1374 aera
829 1313 925 1372 curris

174 1393 324 1472 Unguibus
346 1415 363 1458 a
385 1413 474 1457 saeva
496 1397 587 1457 lemur
608 1414 696 1474 grue:
723 1398 749 1456 si
769 1395 870 1457 rideas
893 1395 950 1457 hoe
1110 1408 1164 1464 170

176 1477 315 1541 Gentibus
339 1481 368 1540 iu
389 1481 514 1558 nostris,
538 1482 598 1541 risu
619 1482 765 1560 quatiare;
789 1481 843 1541 sed
866 1479 937 1556 illic,

176 1562 354 1643 Quamquam
376 1563 477 1625 eadem
500 1565 616 1626 assidue
639 1572 810 1645 spectentur
830 1563 962 1644 proelia,
985 1566 1060 1627 ridet

174 1645 283 1723 Nemo,
306 1649 355 1709 ubi
377 1657 438 1710 tota
459 1648 567 1710 cohors
591 1650 668 1729 pede
690 1666 748 1709 non
769 1657 816 1709 est
836 1647 922 1708 altior
943 1666 1009 1711 auo.

106 1765 165 1794 s.
217 1726 343 1792 Nullane
368 1733 477 1810 periuri
500 1733 604 1813 capitis
624 1734 793 1812 fraudisque
815 1731 959 1794 nelaudae

175 1816 273 1875 Poena
295 1812 371 1876 erit‘l
383 1849 427 1865 -
443 1817 606 1896 Abreptum
628 1817 716 1879 crede
739 1817 815 1878 bunc
832 1817 971 1896 graviore
990 1821 1164 1881 catenulis

175 1897 308 1958 Protinus
332 1909 361 1960 et
383 1908 483 1961 nostro
507 1901 590 1981 (qnid
617 1901 682 1980 plus
705 1900 777 1962 relit
799 1897 879 1980 irai)
903 1900 1004 1961 necari

175 1981 321 2052 Arbitrio;
343 1993 440 2044 manet
464 1983 514 2044 illa
536 1993 632 2045 tamen
648 1985 773 2060 iactura,
797 2001 853 2044 nec
872 2000 1004 2063 umquam

174 2065 347 2144 Depositum
368 2063 420 2126 tibi
441 2083 548 2145 sospes
570 2069 639 2143 erit,
666 2068 719 2128 sed
745 2083 872 2146 corpore
893 2077 995 2129 trunco

175 2143 320 2211 invidiosa
341 2147 420 2211 dabit
443 2151 573 2211 minimus
595 2151 700 2212 solatia
723 2152 905 2230 sanguis.-

174 2233 214 2293 At
233 2232 359 2295 vindicta
381 2232 488 2304 bonum
507 2235 567 2296 vita
589 2236 741 2297 iucundius
762 2236 836 2314 ipsa.
863 2270 905 2284 -
1112 2243 1165 2299 180

174 2316 288 2396 Nempe
312 2317 369 2378 hoc
390 2317 517 2396 indocti,
542 2335 663 2398 quorum
686 2319 860 2396 praecordia
882 2319 968 2380 nullis

175 2401 320 2462 Interdum
340 2410 388 2462 ant
410 2402 526 2463 levibns
547 2403 648 2465 videas
670 2403 820 2482 llagrantia
846 2404 956 2465 causisz

177 2482 444 2565 Quantulacumque
467 2486 542 2548 adeo
566 2497 611 2548 est
633 2489 769 2564 occasio,
794 2486 902 2548 snldcit
923 2487 994 2547 irae

177 2565 357 2648 Chrysippus
379 2589 437 2631 uon
460 2571 538 2632 dicet
562 2571 638 2633 idem
660 2589 716 2632 nee
736 2573 805 2632 mite
828 2570 977 2656 Thaletis·

175 2651 323 2728 lngcnium
347 2653 483 2733 dulcique
507 2673 599 2715 senex
620 2655 731 2716 vicinus
750 2654 898 2731 Hymetto,
1114 2663 1165 2718 185

176 2733 232 2808 Qui
257 2745 368 2814 partem
393 2747 535 2816 acceptae
559 2755 646 2798 saeva
667 2739 742 2798 inter
765 2738 862 2800 vincla
884 2739 997 2799 cicutae

175 2819 349 2880 Accusatori
373 2820 465 2880 nollet
487 2821 568 2882 dare.
613 2820 737 2883 Plurima
758 2821 832 2882 lelix

175 2903 313 2964 Paulatim
336 2905 405 2966 vitia
428 2913 514 2984 atque
537 2923 655 2966 errores
678 2907 758 2966 exuit
780 2923 892 2982 omnes,

174 2986 268 3048 Prima
290 2988 379 3050 docet
403 2997 515 3050 rectum
536 2990 691 3069 sapientia;
716 2992 826 3070 quippe
848 2989 947 3050 minuti

176 3070 301 3149 Semper
323 3082 352 3133 et
372 3073 474 3134 inbrml
499 3082 545 3134 est
569 3073 654 3135 animi
678 3075 834 3153 exiguique
858 3072 993 3152 voluptas
1114 3077 1167 3136 1eo

175 3153 269 3216 Ultio:
294 3159 429 3218 continuo
452 3159 496 3218 sic
517 3157 642 3235 collige,
667 3158 745 3236 quod
768 3157 894 3219 vindicta
1180 3219 1183 3224 .

175 3235 267 3298 Nemo
290 3243 382 3318 magis
403 3241 529 3319 gaudet,
552 3259 638 3322 quam
659 3242 775 3303 femina.
821 3238 880 3301 Gur
900 3249 997 3302 tamen
1019 3239 1075 3301 bos
1098 3245 1129 3300 tu

175 3319 314 3383 Evasisse
338 3334 438 3402 putes,
462 3343 536 3404 quos
560 3324 614 3386 diri
641 3326 760 3386 conscia
781 3324 853 3386 iacti

174 3402 258 3465 biens
281 3404 369 3466 babet
390 3409 528 3469 attonitos
551 3417 580 3469 et
600 3408 688 3470 snrdo
710 3408 837 3470 verbere
860 3406 958 3470 caedit
