2592 4022
232 270 272 332 60
337 317 339 320 .
563 281 598 328 n.
623 279 695 328 rou.
718 277 905 326 munusue

232 421 324 496 Quam
346 428 375 479 te
402 417 555 480 Thersitae
578 418 700 480 similem
723 419 865 498 prodnoat
885 416 1029 480 Achilles.

231 503 269 564 Et
292 512 403 579 tamen,
426 511 458 562 ut
480 502 568 581 longe
588 511 706 582 repetas
725 503 874 582 longeque
895 502 1035 564 revolvas

230 585 361 662 Nomen,
387 586 424 647 ab
444 586 541 648 infami
556 596 675 664 gentem
695 587 815 649 deducis
838 586 936 662 asylo:

231 669 371 732 Naiorum
391 671 516 750 primus,
540 670 671 751 quisquis
691 672 745 733 luit
766 670 833 747 ille,
854 680 966 731 tuorum

232 753 291 814 Aut
312 765 412 834 pastor
436 755 489 816 fuit
514 764 561 816 aut
579 754 650 814 illud
673 756 750 836 quod
773 754 873 816 dicere
895 754 974 816 nolo.
1177 765 1229 823 m

625 950 833 962 nura—nun*—

571 1099 874 1166 SATIRAIX.

231 1208 323 1304 seire
343 1242 447 1320 uelim,
471 1262 562 1323 quare
582 1245 670 1304 toties
690 1243 775 1320 mibi,
800 1242 953 1320 Naevole,
977 1242 1066 1304 tristis

232 1329 376 1390 Ooourrar
398 1327 494 1387 fronte
517 1327 658 1404 obducta,
683 1345 738 1388 eeu
758 1327 874 1402 Marsya
894 1329 999 1388 vietus.

232 1411 308 1488 Quid
328 1410 379 1471 tibi
405 1428 469 1472 oum
490 1412 586 1488 vultu,
609 1411 724 1492 qualem
748 1411 910 1490 deprensus
929 1409 1058 1472 babebat

231 1495 359 1570 Revela,
383 1495 448 1556 dum
469 1494 629 1575 Rhodopes
647 1496 703 1556 uda
724 1496 792 1555 terit
814 1495 928 1572 inguina
951 1490 1063 1555 barba?

231 1580 293 1642 Nos
317 1579 470 1657 colaphum
490 1581 641 1640 incutimus
665 1579 801 1640 lambenti
823 1577 950 1639 or'ustula
972 1594 1072 1638 seruo.
1212 1592 1226 1646 5

234 1663 297 1724 Non
322 1672 385 1723 erat
406 1664 461 1724 han
480 1664 556 1725 faeie
577 1662 770 1725 miserabilior
793 1660 971 1741 Crepereius

231 1747 343 1824 Pollio,
368 1748 417 1827 qui
438 1747 583 1826 triplioem
607 1765 721 1808 usuram
743 1755 893 1826 praestare
916 1754 1035 1825 paratus

233 1830 369 1892 Giroumit
395 1840 424 1890 et
443 1830 540 1892 fatuos
561 1849 618 1892 non
638 1832 756 1892 invenit.
792 1830 875 1893 Unde
897 1838 1019 1909 repente

233 1914 289 1975 Tot
309 1910 421 1992 raguel
450 1925 531 1976 oerte
551 1915 665 1976 modieo
688 1923 838 1976 contentus
858 1913 968 1992 agebas

231 1999 359 2058 Vernam
381 1998 524 2076 equitem,
547 2001 669 2060 eonviva
690 2000 758 2060 iooo
783 1994 934 2059 mordente
959 1997 1073 2058 iaeetus
1195 2013 1226 2065 ro

231 2082 269 2144 Et
290 2080 400 2142 salibus
421 2080 580 2142 vehemens
601 2085 674 2142 intra
695 2084 846 2161 pomoeria
865 2083 949 2144 natis.

233 2166 333 2225 Omnia
357 2182 432 2224 nuno
458 2174 573 2226 eontra:
594 2166 689 2226 vultus
711 2169 828 2244 gravis,
849 2165 968 2242 horrida
989 2166 1091 2226 siooao

232 2249 312 2308 Silva
334 2265 451 2325 nomae,
472 2248 565 2309 nullus
586 2258 648 2311 tota
669 2251 746 2311 nitor
765 2253 794 2310 in
814 2258 896 2327 oute,
920 2249 1034 2329 qualem

231 2331 340 2392 Bruttia
363 2333 530 2411 praestabat
551 2334 637 2396 calidi
655 2334 707 2396 tibi
727 2335 820 2396 lasoia
840 2335 925 2409 visai,

134 2479 135 2485 ,
232 2415 292 2479 Sed
312 2416 464 2478 fruticante
487 2418 548 2497 pilo
570 2418 707 2497 neglecta
729 2428 759 2480 et
781 2417 912 2497 squalida
934 2435 1027 2478 orara.
1195 2430 1224 2485 lt

233 2499 308 2575 Quid
331 2502 439 2562 macies
458 2503 539 2579 aegri
562 2504 687 2579 veteris,
712 2521 798 2582 quem
819 2512 951 2579 tempore
973 2501 1063 2578 longo

232 2584 338 2644 Torret
360 2595 460 2664 quarta
486 2585 550 2646 dies
569 2587 696 2666 olimque
718 2587 877 2647 domestica
899 2583 1013 2646 febris?

231 2667 405 2746 Deprendas
426 2670 510 2728 animi
535 2679 676 2729 tormenta
698 2669 815 2730 latentis
836 2670 865 2729 in
884 2686 976 2747 aegro

233 2748 383 2828 Corpore,
404 2750 568 2829 deprendas
587 2761 617 2812 et
637 2751 755 2830 gardim
779 2754 863 2814 sumit
886 2762 1037 2832 utrumqne

231 2833 302 2894 lude
324 2832 449 2894 habitum
469 2835 571 2895 faoies.
605 2835 695 2914 Igitur
710 2835 829 2896 flexisse
848 2837 958 2897 videris
1192 2849 1224 2900 to

232 2917 415 2996 Propositum
440 2928 469 2979 et
489 2919 567 2979 vitae
590 2922 750 2982 contrarius
771 2922 814 2981 ire
840 2923 940 3001 priori.

232 3001 332 3080 Nuper
352 3003 443 3079 enim,
466 3012 497 3063 ut
517 3013 637 3083 repeto,
660 3005 755 3066 fanum
776 3005 861 3066 lsidis
880 3013 910 3065 et
929 3001 1125 3080 Ganymedem

232 3084 316 3146 Panis
339 3094 369 3145 et
390 3087 531 3148 adveotae
554 3097 670 3149 seereta
695 3089 802 3168 palatia
824 3087 924 3150 Matris

232 3167 269 3230 Et
290 3168 428 3231 Cererem
450 3172 529 3251 (narn
551 3189 609 3251 quo
633 3190 690 3233 non
713 3182 826 3252 prostat
847 3172 953 3234 femina
974 3168 1123 3252 temploi)

233 3251 336 3315 Notior
359 3253 475 3316 Aufidio
498 3255 639 3317 moechus
665 3256 815 3318 scelerare
838 3256 969 3333 solebas,
1189 3267 1222 3322 at

231 3334 376 3416 'Quodque
400 3347 498 3416 tanes,
524 3341 607 3418 ipsos
633 3341 717 3402 etiam
739 3341 879 3402 inclinare
900 3342 1027 3402 maritos.

275 3420 376 3494 „Utile
396 3431 426 3482 et
446 3423 504 3484 boo
522 3425 619 3488 multis
639 3425 716 3486 ritae
738 3442 847 3503 genum
869 3433 898 3485 at
918 3424 986 3485 milri
1008 3423 1115 3484 nullum

231 3501 301 3568 Inde
324 3509 588 3586 operaepretium.
625 3507 751 3587 Pingues
773 3508 927 3587 aliquando
950 3508 1094 3586 lacernas,
