2592 4022
218 234 258 296 52
544 201 583 292 os
602 245 672 292 mn.
695 243 881 294 mvounnrs

261 388 332 462 Quis
353 387 465 464 gremio
485 381 587 446 Celadi
609 384 746 463 doctique
767 384 951 445 Palaemonis
973 383 1068 460 affert,
1160 397 1210 451 215

219 473 360 547 Quantum
380 469 584 548 grammaticus
605 470 708 530 meruit
724 465 831 529 labori
851 477 995 530 ettamen
1016 486 1055 529 ex
1075 469 1138 532 hoc

218 556 428 633 Quodcumque
451 563 497 614 est
519 553 626 633 (minus
650 562 695 614 est
715 562 809 614 autem
831 570 915 631 quarn
936 552 1062 614 rhetoris
1085 557 1177 636 aera)

216 640 360 719 Discipuli
384 647 482 702 custos
501 638 689 718 praemordet
710 647 944 707 acoenonoetus;

217 724 256 786 ttt
277 725 325 805 qui
343 723 508 804 dispensat,
529 723 644 801 frangat
666 721 731 782 sibi.
773 718 870 798 Dede4
893 720 1065 799 Palaemon,

217 807 254 869 Et
276 818 377 888 patere
397 807 463 869 inde
484 806 591 886 aliquid
616 807 811 884 decrescere,
834 823 892 867 non
910 806 995 868 aliter
1016 823 1104 885 quam
1163 818 1211 874 ato

216 892 335 954 Institor
353 891 492 954 hibernae
513 893 622 969 tegetis
643 893 780 970 niveique
802 891 935 958 cadurci:

216 976 378 1039 Dummodo
400 994 459 1038 non
478 985 598 1057 pereat,
622 976 735 1037 mediae
756 975 835 1055 quod
855 975 950 1036 noctis
972 974 1009 1037 ab
1032 973 1106 1038 hora

217 1063 342 1138 Sedisti,
362 1079 418 1140 qua
441 1078 527 1122 nemo
548 1060 648 1136 faber,
672 1078 729 1140 qua
751 1077 837 1120 nemo
855 1059 991 1136 sederet,

217 1146 274 1221 Qui
296 1144 384 1206 docet
404 1145 525 1222 obliquo
548 1145 641 1206 lanam
662 1144 810 1205 deducere
830 1144 927 1213 ierro;

215 1229 378 1305 Dummodo
401 1245 458 1288 uon
481 1236 600 1306 pereat,
621 1228 742 1289 totidem
761 1229 901 1291 olfecisse
924 1226 1076 1306 lucernas,
1161 1241 1208 1294 ast

218 1313 296 1386 Quot
316 1313 431 1373 stabant
451 1313 547 1390 pueri,
568 1330 654 1390 quum
675 1321 752 1375 totus
774 1312 898 1375 decolor
920 1321 1001 1373 esset

215 1394 340 1457 Flaccus
360 1405 389 1457 et
409 1397 546 1458 haereret
568 1398 651 1475 nigro
669 1397 761 1475 fuligo
782 1397 903 1459 dianoni.

216 1480 294 1541 Rara
315 1489 411 1541 tamen
431 1498 564 1556 merces,
586 1499 662 1560 quae
685 1483 853 1560 cognitione
875 1478 980 1542 tribuni

215 1564 282 1625 Nou
304 1573 401 1644 egeat.
445 1565 506 1627 Sed
525 1582 580 1626 vos
602 1583 706 1627 saevas
727 1567 867 1646 imponite
888 1565 985 1644 leges,

216 1649 254 1710 Ut
276 1651 464 1729 praeceptori
485 1649 641 1712 verborum
661 1649 766 1729 regula
785 1659 910 1726 constet,
1158 1659 1208 1714 ido

216 1733 254 1794 Ut
275 1735 357 1812 legat
376 1734 529 1812 historias,
551 1725 687 1796 auctords
711 1737 826 1796 noverit
847 1751 948 1797 omnes

217 1817 374 1898 Tamquam
395 1837 508 1896 ungnes
530 1819 698 1898 digitosque
719 1837 804 1889 suos;
827 1827 858 1880 ut
875 1819 952 1880 iorte
975 1825 1109 1896 rogatus,

216 1901 291 1964 Dunn
312 1903 386 1980 petit
407 1912 455 1963 aut
473 1903 600 1964 thermas
622 1912 671 1964 aut
692 1903 805 1965 Phoebi
826 1903 947 1979 balnea,
970 1901 1047 1962 dicat

216 1985 365 2047 Nutricem
385 1984 551 2063 Anchisae,
573 2004 679 2047 nomeu
699 1989 880 2067 patriamqne
901 2002 1049 2048 novercae

216 2068 404 2138 Anchemoii;
428 2070 521 2147 dicat,
544 2080 615 2149 quot
636 2071 763 2132 Acestes
782 2073 889 2133 vixerit
908 2071 1000 2148 annis,
1157 2084 1206 2138 aas

218 2153 297 2226 Quot
318 2153 410 2214 Siculi
433 2153 595 2232 Phrygibus
616 2155 676 2216 vini
700 2156 852 2218 donaverit
873 2173 969 2218 urnas.

215 2236 350 2316 Exigite,
373 2247 404 2298 ot
425 2255 523 2300 mores
544 2248 664 2302 teneros
685 2258 740 2301 ceu
762 2241 873 2320 pollice
895 2241 990 2317 ducat,

215 2320 255 2382 Ut
274 2323 299 2382 si
321 2322 386 2402 quis
406 2341 476 2385 cera
496 2323 605 2386 vultum
623 2324 708 2395 iacit;
731 2327 858 2404 exigite,
881 2334 912 2386 ut
930 2325 968 2386 sit

215 2405 253 2466 Et
275 2416 360 2486 pater
381 2407 473 2487 ipsius
496 2420 616 2487 coetus,
639 2427 676 2469 ne
695 2411 790 2489 turpia
812 2407 921 2486 ludant,

215 2489 260 2551 Ne
280 2492 388 2553 iaciant
410 2492 533 2554 vicibus.
577 2493 642 2555 Non
664 2503 710 2555 est
730 2494 798 2556 lete
816 2502 860 2554 tot
882 2509 1039 2572 puerorum
1160 2505 1210 2560 24⁰

216 2573 383 2637 Observare
405 2594 506 2638 manus
527 2578 691 2658 oculosque
711 2578 741 2638 in
761 2577 819 2639 tine
839 2587 1006 2640 trementes.

214 2656 312 2736 Haec,
334 2661 440 2739 inquit,
465 2679 550 2722 cura:
572 2662 626 2723 sod
648 2679 735 2740 quoto
756 2679 790 2722 se
810 2664 933 2725 venerit
952 2677 1054 2740 annus,

215 2740 345 2822 Accipe,
369 2743 474 2804 victori
497 2743 624 2822 populus
646 2744 725 2823 quod
744 2746 888 2825 postulat,
912 2765 1019 2809 aurum.
1071 2757 1072 2762 ’

625 2955 808 2964 —a—..-..

482 3079 484 3082 ’
528 3111 767 3179 sunnon
795 3111 890 3178 vum.

215 3213 378 3309 Stemmata
400 3246 469 3326 quid
488 3243 619 3309 iaciunt?
638 3247 706 3326 quid
727 3249 864 3328 prodest,
886 3249 1022 3327 Pontice,
1047 3247 1140 3330 longo

215 3331 362 3408 Sanguine
384 3334 514 3409 censeri,
538 3331 635 3412 pictos
654 3333 813 3395 ostendere
832 3333 929 3395 vultus

214 3413 355 3475 biaiorum
375 3422 404 3476 et
424 3425 533 3478 stantes
555 3418 584 3477 iu
606 3417 737 3478 curribus
758 3416 938 3481 Aemilianos

215 3496 254 3558 iit
276 3494 380 3560 Curios
400 3501 456 3562 iarn
473 3501 606 3563 dimidios
627 3502 822 3582 humerosque
843 3505 983 3565 minorem
