2552 4028
199 281 240 344 22
517 293 552 339 o.
576 291 647 340 run.
669 291 854 340 noveramus

199 435 262 495 Nec
284 433 388 493 melior
409 431 507 508 vultu,
532 432 662 510 quamuis
683 430 839 508 ignobilis,
862 429 922 491 ibat

200 517 342 593 Rubrius,
366 515 496 576 ollensue
519 516 628 580 veteris
651 533 718 576 reus
740 523 827 592 atquc
849 513 1001 591 tacendae,
1136 525 1182 580 itt

199 601 238 662 ot
258 609 354 661 tamen
376 597 535 679 improbior
556 600 672 664 sutirum
694 599 841 660 scribente
864 598 995 660 cinaedo.

199 685 326 745 Montani
351 700 469 764 quoque
489 693 592 746 ventor
613 683 698 746 adest
719 681 871 746 abdomine
893 683 1002 759 turdus,

200 769 237 830 Et
258 768 395 829 matutino
418 769 524 830 sudeus
549 765 698 846 Crispinus
721 781 846 843 emomo,

189 853 343 928 ,Quantum
362 855 413 916 viu
433 853 568 915 redolent
589 852 647 914 duo
668 851 787 921 inuera;
810 851 927 914 suavior
948 849 1001 911 illo

200 939 355 1017 Pompeius
377 939 455 1000 tenui
475 937 591 1016 iugulos
614 935 730 1016 operire
751 953 881 1012 susurro,
1139 941 1185 998 tto

200 1021 238 1084 Et
261 1023 309 1102 qui
331 1021 492 1098 volturibus
514 1020 651 1083 seruabat
671 1021 786 1084 viscere
807 1019 897 1081 Dacis

200 1107 331 1181 Fuscus,
354 1121 515 1166 marmorea
535 1104 687 1166 meditatus
710 1104 824 1182 proelio
845 1102 926 1177 villu,

200 1190 238 1252 itt
263 1206 327 1248 cum
346 1187 497 1248 mortifero
519 1187 646 1266 prudens
667 1187 793 1249 Veiento
818 1184 946 1262 Detullo,

118 1282 123 1294 ·
202 1273 258 1348 Qui
279 1289 431 1352 numquam
452 1273 533 1332 visae
557 1270 698 1348 degrabut
718 1285 818 1333 eruore
839 1269 970 1349 puellae,

202 1354 316 1419 Grande
341 1365 371 1416 et
395 1357 583 1434 conspicuum
605 1364 706 1416 nostro
728 1367 845 1435 quoqne
862 1363 996 1434 tempore
1017 1361 1187 1416 monstrumt

203 1438 317 1501 Caecus
340 1439 473 1501 adulator
495 1439 632 1518 dirusque
654 1457 670 1500 a
692 1448 782 1518 ponte
803 1438 937 1514 satelles,
1141 1447 1189 1501 115

201 1524 313 1601 Dignus
338 1522 474 1586 Aricinos
496 1524 546 1604 qui
566 1523 744 1585 mendicaret
767 1524 804 1585 ad
828 1541 899 1585 axes

202 1607 368 1687 Blandaque
390 1608 523 1670 devexae
546 1609 669 1670 iactaret
689 1607 773 1670 basia
792 1608 892 1670 redee.

202 1691 294 1752 Nemo
317 1694 409 1771 magis
430 1692 580 1754 rhombum
602 1692 727 1771 stupuit:
748 1709 812 1755 num
834 1691 956 1772 plurimo
978 1687 1050 1749 dixit

202 1776 234 1837 ln
256 1776 370 1838 laeuum
393 1792 569 1846 conversum
593 1785 622 1837 et
643 1777 686 1838 illi
709 1777 811 1840 dextra
829 1775 948 1838 ¹iacebat
1143 1779 1191 1836 110

202 1855 329 1920 Bellum
359 1859 409 1920 Sic
431 1877 543 1938 pugnus
565 1857 669 1922 Gillcis'
687 1860 822 1922 laudabat
844 1868 875 1920 et
896 1861 995 1920 ictos.

202 1939 240 2002 llt
262 1959 367 2020 pegma
389 1951 419 2003 et
441 1959 549 2020 pueros
572 1943 639 2004 inde
661 1942 696 2004 ad
719 1942 828 2005 velaria
852 1951 963 2021 reptos.

203 2025 268 2091 Non
290 2025 367 2086 cedit
387 2025 530 2102 Veiento,
553 2025 605 2086 sed
627 2035 659 2086 ut
679 2026 820 2088 lunaticus
845 2035 945 2087 oestro

203 2111 379 2186 Percussus,
402 2109 541 2187 Bellona,
565 2119 614 2170 tuo
637 2111 745 2172 divinat
765 2120 811 2188 ct,
834 2109 941 2190 lugens

204 2193 295 2253 Omen
316 2192 421 2270 habes,
446 2194 552 2272 inquit,
577 2196 672 2272 magni
694 2194 823 2274 clerique
845 2193 996 2275 triumphi:
1143 2197 1192 2256 tit

202 2277 315 2356 Regem
337 2278 463 2357 aliquem
486 2279 601 2358 capies,
625 2287 673 2341 eut
694 2277 731 2339 de
753 2288 869 2342 temone
888 2279 1025 2340 Britanno

202 2361 329 2423 Excidet
349 2361 526 2442 Aruiragus:
549 2365 704 2442 peregrina
725 2373 771 2425 est
791 2363 904 2432 bellue:
931 2364 1026 2424 uernis

203 2443 326 2508 Drectas
348 2449 377 2510 iu
400 2455 483 2527 terge
504 2445 666 2510 sudesl-
685 2445 749 2510 lloc
769 2447 860 2510 deluit
881 2466 966 2509 unum

202 2528 358 2608 Fabricio,
380 2534 502 2611 patrium
523 2541 555 2591 ut
575 2532 688 2594 rhombi
713 2540 889 2592 memoraret
911 2540 941 2589 et
962 2545 1118 2590 annom--

204 2613 344 2688 Quidnam
365 2616 454 2692 igitur
475 2611 603 2676 censes?
624 2612 857 2675 conciditurl*
876 2609 962 2672 snut
980 2609 1017 2672 ob
1037 2607 1089 2670 illo
1142 2619 1193 2674 13⁰

202 2696 339 2757 Dedecus
361 2697 435 2773 boo,
458 2696 609 2756 llontanns
632 2699 683 2764 ait;
706 2704 782 2756 testu
805 2696 862 2757 ulta
885 2703 1013 2773 paretur,
1253 2717 1254 2720 ¹

204 2779 286 2852 Quae
308 2781 387 2839 tenui
410 2795 492 2838 muro
514 2779 672 2856 spetiosum
695 2773 815 2856 colligat
837 2778 946 2840 orbem.

202 2861 335 2924 Debetur
356 2879 477 2939 maguus
501 2862 615 2939 patinae
641 2861 811 2942 subitusque
832 2862 1037 2930 Prometbeue:

202 2945 345 3023 Argilium
367 2953 454 3024 utque
477 2954 570 3008 rotam
592 2947 676 3008 citius
699 2947 872 3027 properate!
898 2947 952 3010 sed
973 2966 1010 3010 ou
1031 2944 1090 3007 bec

203 3027 349 3107 Tempore
369 3031 440 3107 ium,
464 3027 587 3106 Onetor,
612 3031 694 3109 figuli
719 3042 767 3093 tue
789 3040 1125 3111 castrarsequuntunu-
1142 3038 1190 3092 lde

202 3111 280 3173 Vicit
301 3112 387 3192 digna
406 3115 471 3174 viro
493 3117 649 3176 sententie:
672 3126 796 3177 noverat
815 3118 868 3178 ille

203 3195 356 3259 Luxuriam
377 3199 491 3278 inperii
510 3207 641 3260 veterem
664 3209 826 3280 noctesque
848 3200 973 3262 Neronis

204 3278 262 3342 lam
282 3282 393 3344 medias
415 3282 559 3363 eliamque
581 3283 701 3362 famem,
726 3301 811 3364 quum
834 3285 934 3364 pulmo
956 3282 1081 3346 Falerno

204 3363 339 3426 Arderet.
385 3365 463 3428 Nulli
484 3369 576 3430 maior
596 3369 650 3428 luit
672 3387 741 3429 usas
764 3368 868 3430 edendi

204 3446 390 3527 Tempestate
411 3469 492 3513 mea:
516 3449 629 3512 Circeis
651 3460 717 3514 nato
736 3453 833 3514 lorcut
853 3472 891 3515 an
1142 3455 1190 3510 14⁰

202 3529 353 3594 lucrinum
375 3532 411 3596 ad
435 3553 537 3597 saxum
558 3535 741 3618 llutupinove
764 3537 840 3598 edita
859 3536 947 3598 iundo
1073 3607 1079 3618 ,
