2592 4022
200 275 242 336 54
525 283 560 330 n.
584 282 655 330 nun.
679 279 864 329 1uvununrs

200 427 266 489 Non
289 443 363 505 qnae
384 431 509 484 ventoso
533 423 675 484 conducta
695 421 747 482 sub
769 437 879 498 aggere
899 419 981 480 texit.

201 513 264 571 Vos
285 507 427 584 humiles,
448 507 560 586 inquis,
581 507 662 584 vulgi
684 525 752 585 pars
774 505 872 564 ultima
893 505 994 581 nostri,

202 595 331 670 Quorum
351 608 437 654 nemo
459 601 546 671 queat
568 593 690 670 patriam
711 598 873 649 monstrare
895 590 1041 666 parentis:

201 679 257 738 Ast
280 695 337 756 ego
359 674 598 754 Cecropides!—
611 675 701 736 Vivus
714 685 744 735 et
759 676 879 752 originis
894 671 976 732 huius
1019 701 1021 709 =

202 762 312 823 Gaudia
330 761 418 839 longa
437 761 531 820 feras:
555 769 650 820 tumen
671 759 735 820 ima
747 757 837 837 plebe
858 755 999 830 Quiritem

201 845 367 908 Facundum
388 846 535 914 invenies;
558 842 635 904 solet
656 843 704 904 hic
727 842 888 903 defendere
912 858 1015 901 causas

202 930 318 992 Nobilis
338 930 461 997 indocti;
484 929 613 989 renitet
634 928 671 988 de
693 926 783 1006 plebe
805 933 916 1002 togata,

202 1015 259 1090 Qui
277 1015 346 1075 iuris
367 1012 462 1074 nodos
483 1023 512 1072 et
532 1012 630 1090 legum
653 1013 813 1089 aenigmata
835 1009 938 1069 solvat.

201 1099 257 1160 llic
279 1099 352 1176 petit
371 1096 540 1175 Euphraten
559 1099 672 1156 iuvenis
691 1097 850 1174 domitique
872 1092 972 1152 Batavi

203 1179 351 1242 Custodes
373 1181 502 1260 aquilas,
524 1182 617 1240 armis
633 1180 803 1240 industrius:
823 1185 852 1239 at
873 1185 903 1235 tn

202 1265 251 1327 Nil
272 1266 327 1325 nisi
348 1261 532 1342 Cecropides
551 1272 714 1342 truncoque
739 1262 897 1324 simillimus
920 1259 1055 1320 llermae.

203 1348 292 1412 Nullo
315 1349 424 1428 quippe
446 1346 504 1408 alio
524 1348 616 1408 vincis
640 1347 821 1424 discrimine,
845 1363 929 1425 quam
950 1343 1028 1423 quod

203 1435 249 1496 llli
269 1449 461 1493 marmoreum
475 1439 571 1511 'caput
593 1440 655 1508 est,
678 1442 726 1492 tua
746 1433 818 1491 vivit
839 1432 945 1506 imago.

203 1517 260 1580 itio
280 1517 364 1594 mihi,
388 1515 568 1578 Teucrorum
588 1516 706 1595 proles,
727 1514 858 1576 animalia
878 1521 955 1573 muta

205 1601 277 1678 Quis
293 1618 443 1680 generosa
465 1609 563 1680 putet,
583 1601 638 1661 nisi
658 1597 765 1660 fortia?
784 1616 889 1677 nempe
912 1595 1071 1658 volucrem-

205 1688 255 1748 Sic
274 1686 422 1748 laudamus
442 1703 565 1765 equum,
588 1685 668 1746 facili
690 1685 736 1745 cui
756 1684 878 1762 plurima
900 1681 994 1760 palma

204 1769 314 1831 Fervet
337 1780 366 1830 et
387 1768 513 1831 exsultat
534 1786 623 1830 rauco
641 1769 764 1829 victoria
788 1769 878 1827 circo.

204 1854 320 1914 Nubilis
341 1854 405 1930 hic,
427 1871 610 1934 quocumque
630 1855 710 1913 venit
731 1852 768 1912 de
789 1852 929 1930 gramine,
953 1850 1033 1911 cuins

206 1935 294 1999 Clara
316 1938 385 2015 iuga
406 1947 472 1999 ante
493 1937 567 1998 alios
589 1946 618 1998 et
639 1939 747 2016 primus
769 1939 798 1996 in
821 1951 951 2014 aequore
972 1932 1084 2013 pulvis3

206 2021 266 2084 Sed
284 2021 389 2082 venale
410 2039 502 2099 pecus
524 2018 692 2099 Coryphaei
715 2021 872 2099 posteritas
893 2028 923 2079 et

154 2128 186 2188 ,q
206 2107 335 2185 Hirpini,
358 2107 383 2164 si
403 2122 470 2166 rara
490 2105 559 2182 iugo
581 2105 706 2165 victoria
727 2105 811 2166 se'dit.
842 2127 863 2134 ¹⁴

207 2188 254 2250 Nil
276 2189 315 2249 ibi
336 2191 475 2250 maiorum
496 2198 667 2267 respectus,
691 2190 784 2268 gratia
806 2188 883 2248 nulla

206 2273 395 2348 Umbrarum3
419 2273 551 2334 dominos
573 2275 674 2352 pretiis
696 2283 807 2333 mutare
823 2272 957 2332 iubentur

207 2358 330 2436 Exiguis
352 2359 421 2418 trito
444 2367 474 2417 et
495 2358 602 2419 ducunt
624 2358 756 2437 epiredia
779 2356 857 2418 collo

208 2443 394 2522 Segnipedes
417 2443 554 2522 dignique
575 2443 681 2504 molam
701 2459 823 2503 versare
845 2436 978 2520 nepotes.

207 2527 307 2606 Ergo,
329 2537 361 2588 ut
382 2529 518 2588 miremur
538 2537 585 2604 te,
607 2545 665 2587 non
686 2536 751 2603 tua,
773 2527 885 2604 privum
903 2521 1011 2602 aliquid
1032 2521 1079 2600 dn,

209 2610 295 2686 Quod
316 2614 426 2691 possim
449 2611 538 2672 titulis
560 2612 691 2672 incidere
713 2619 832 2689 praeter
853 2609 993 2683 honores,

142 2696 185 2811 *s
208 2694 290 2769 Quos
313 2695 371 2754 illis
393 2694 492 2754 damus
515 2713 551 2753 ac
572 2694 719 2770 dedimus,
743 2692 846 2772 quibus
870 2693 965 2754 omnia
986 2689 1089 2751 debes.
1169 2697 1202 2753 7⁰

145 2815 149 2826 ι
250 2777 332 2838 llaec
350 2780 420 2840 satis
440 2779 476 2837 ad
496 2779 645 2854 iuvenem,
667 2795 753 2856 quem
773 2777 860 2837 nobis
876 2777 951 2838 lama
974 2773 1133 2855 superbum

209 2860 310 2922 Tradit
331 2870 361 2922 et
381 2860 507 2922 inflatum
529 2860 703 2942 plenumque
725 2861 843 2924 Nerone
866 2862 1040 2942 propinquo.

209 2946 303 3008 Rarus
325 2947 400 3007 enim
421 2945 514 3008 ierma
536 2966 639 3007 sensus
660 2949 817 3007 communis
839 2946 936 3007 inilia

208 3030 351 3101 Fortuua;
370 3030 424 3091 sed
442 3040 472 3091 te
496 3034 612 3092 censeri
633 3032 719 3093 laude
742 3042 865 3108 tuorum,

209 3116 346 3193 Pontice,
371 3115 513 3176 noluerim
536 3118 578 3175 sic
601 3124 631 3176 ut
651 3116 722 3176 nihil
743 3117 808 3195 ipse
831 3117 943 3176 futurae
1169 3118 1202 3174 ‘ic

208 3198 315 3260 bandis
339 3218 420 3278 agas.
464 3199 601 3261 Miserum
623 3210 668 3261 est
692 3200 814 3260 aliorum
834 3197 1003 3258 incumbere
1025 3196 1132 3271 iamne,

209 3281 255 3343 Ne
278 3283 410 3363 collapsa
431 3295 514 3345 ruant
536 3284 686 3345 subductis
706 3293 785 3345 tectu
808 3284 958 3344 columnis.

211 3367 324 3427 Suetus
345 3368 422 3429 humi
444 3370 557 3447 palmes
575 3368 678 3429 viduas
699 3368 847 3429 desiderat
863 3367 966 3426 ulmos.

210 3445 283 3509 Esto
304 3450 398 3512 bouus
419 3453 514 3530 miles,
537 3463 615 3514 tutor
635 3453 745 3529 bonus,
768 3451 878 3513 arbiter
897 3450 974 3510 idem

212 3530 347 3611 Integer:
369 3536 521 3612 ambiguae
544 3538 569 3596 si
592 3536 706 3615 quando
730 3535 861 3597 citabere
883 3535 967 3594 testis
1167 3535 1204 3592 80
