2552 4028
203 265 223 328 t
533 277 568 323 n.
586 277 658 323 run.
678 275 863 324 rovnnnnrs

202 420 343 482 Patricios
365 434 465 476 ornnes
489 415 594 493 opibus
616 433 701 494 quum
723 425 865 493 provocet
885 435 973 491 nnus,

205 502 268 576 Quo
292 500 429 560 tondente
451 501 549 576 gravis
571 501 667 558 iuveni
688 499 755 558 mihi
777 499 868 559 barba
891 500 1026 567 sonabat;
1156 510 1191 562 25

204 585 296 659 Quum
319 583 540 663 pars'Niliacae
566 583 679 662 plebis,
707 601 792 662 quum
814 602 903 643 verua
925 582 1036 662 Canopi

205 666 370 747 Crispinus,
393 667 496 743 Tyrias
517 667 637 728 humero
661 676 819 727 revocante
843 667 993 744 lacernas,

204 751 333 813 Ventilet
356 753 497 812 aestivum
519 753 614 829 digitis
637 751 804 811 sudantibus
828 769 943 826 aurum,

204 837 267 896 Nec
291 837 414 897 sufferre
436 845 524 915 queat
543 837 661 896 maioris
683 835 813 914 pondera
835 853 981 912 gemmae:

203 921 332 982 Difficile
356 929 402 981 est
423 922 539 980 satiram
558 937 615 979 non
638 919 780 980 scribere.
819 919 890 978 Nam
910 921 973 998 quis
996 919 1112 998 iniquae
1156 931 1193 984 30

203 1005 274 1066 'lam
294 1007 410 1084 patiens
428 1004 524 1084 urbis,
547 1013 604 1064 tam
626 1004 756 1079 lerreus,
781 1012 810 1062 ut
831 1011 929 1063 teneat
950 1021 999 1078 se,

205 1087 351 1150 causidici
372 1105 448 1147 nova
471 1105 556 1164 quum
578 1089 675 1146 veniat
698 1089 802 1147 lectica
825 1085 966 1146 Mathonis

203 1173 291 1234 Plena
314 1173 394 1250 ipso;
415 1179 483 1248 post
504 1169 580 1230 hunc
602 1173 698 1246 magni
721 1171 834 1231 delator
857 1171 939 1230 amici

202 1257 240 1316 Et
261 1257 318 1315 cito
342 1262 475 1333 rapturus
498 1254 533 1313 de
556 1253 706 1314 nobilitate
727 1271 845 1314 comesa

203 1339 288 1413 Quod
306 1346 453 1417 superest,
469 1356 554 1416 quem
566 1336 663 1398 Massa
678 1339 768 1415 timet,
785 1357 872 1418 quem
886 1355 1004 1397 munere
1020 1338 1119 1417 palpat
1156 1348 1194 1402 35

204 1420 295 1483 Carus
318 1431 348 1482 et
370 1441 386 1482 a
406 1422 521 1499 trepido
544 1421 685 1498 Thymele
708 1424 859 1483 summissa
879 1421 993 1489 hatiuo;

203 1511 296 1581 Quum
318 1515 348 1566 te
371 1515 586 1582 summoveant,
609 1508 657 1584 qui
679 1515 850 1567 testamenta
869 1514 1017 1566 merentur

204 1589 362 1668 Noctibus,
385 1591 414 1650 in
436 1591 551 1651 coelum
574 1607 648 1668 qnos
672 1590 769 1651 evehit
792 1593 899 1668 optima
923 1591 1022 1650 summi

202 1673 285 1735 Nunc
304 1676 351 1736 via
370 1691 546 1753 processus,
568 1674 685 1735 vetulae
706 1676 805 1735 vesica
825 1670 950 1734 beatae?

201 1759 355 1820 Uuoiolam
376 1758 546 1819 Proculeius
568 1757 673 1835 habet,
696 1759 750 1819 sed
773 1758 850 1819 Gillo
873 1759 1028 1833 deuncem,
1158 1768 1196 1822 4⁰

202 1842 304 1903 Partes
328 1843 452 1920 quisque
476 1859 560 1916 suas,
584 1843 620 1902 ad
642 1861 805 1902 mensuram
827 1843 951 1920 inguinis
970 1842 1067 1904 heres.

202 1925 337 2003 Accipiat
359 1941 429 1984 sane
450 1924 617 1984 mercedem
639 1928 788 2002 sanguinis
812 1935 841 1985 et
863 1927 906 1985 sic

202 2008 332 2083 Palleat,
356 2017 386 2067 ut
405 2007 487 2067 nudis
511 2009 620 2088 pressit
640 2010 688 2086 qui
711 2009 841 2069 calcibus
865 2027 1003 2087 anguem,

202 2093 260 2153 hut
280 2091 502 2170 Lugdunensem
524 2091 625 2152 rhetor
646 2093 773 2153 dicturus
797 2095 830 2154 ad
855 2094 947 2154 aram!

203 2177 277 2250 Quid
300 2175 441 2254 referam,
464 2185 570 2256 quanta
593 2178 702 2237 siccum
724 2179 804 2237 iecur
822 2178 922 2238 ardeat
943 2179 1000 2254 ira,
1159 2189 1194 2242 ts

202 2261 295 2333 Quum
311 2260 450 2338 populum
470 2261 611 2338 gregibus
634 2263 768 2322 comitum
790 2265 895 2341 premit
913 2262 961 2323 hic
984 2261 1127 2342 spoliator

201 2343 306 2425 Pupilli
329 2346 501 2423 prostantis,
527 2355 556 2405 et
576 2345 625 2406 hic
647 2346 795 2407 damnatus
817 2348 892 2407 inani

200 2427 311 2490 Iudicio
335 2429 419 2509 (quid
442 2431 517 2490 enim
538 2429 627 2492 salvis
651 2431 766 2492 infamia
787 2429 944 2510 nummisl)
1046 2499 1049 2504 ,

200 2512 277 2574 Exul
309 2514 345 2576 ab
374 2523 478 2576 octava
499 2513 606 2576 hierius
626 2516 697 2576 bibit
720 2525 749 2576 et
770 2516 873 2575 fruitur
894 2515 937 2572 dis

200 2597 298 2658 lratis:
322 2607 350 2658 at
371 2607 400 2658 tu
420 2601 524 2659 victrix
547 2601 696 2677 provincia
718 2598 834 2676 ploras!
1158 2610 1198 2663 50

199 2681 281 2741 llaec
303 2697 360 2757 ego
383 2698 440 2739 nou
460 2681 576 2741 credam
597 2681 743 2739 Venusina
764 2679 849 2755 digna
866 2673 1007 2738 lucerna?

199 2764 281 2823 Haec
303 2780 360 2841 ego
382 2781 440 2824 non
461 2760 588 2841 agitem?
613 2763 665 2823 sed
684 2762 750 2841 quid
772 2765 865 2840 magis
886 2759 1055 2838 Heracleas,

201 2846 257 2906 Aut
279 2846 473 2923 Diomedeas,
498 2857 545 2907 aut
568 2849 704 2924 mugitum
737 2846 891 2922 labyrinthi

200 2931 238 2991 Et
259 2948 337 2990 mare
360 2948 531 3010 percussum
553 2946 645 3009 puero
665 2930 835 3009 labrumque
857 2931 1019 3008 volantem,

200 3015 294 3088 Quum
317 3015 384 3075 leno
405 3014 529 3092 accipiat
550 3014 665 3076 moechi
687 3015 779 3091 hona,
801 3018 825 3076 si
849 3015 981 3095 capiendi
1153 3027 1194 3080 55

200 3098 247 3158 lus
270 3099 379 3159 nullum
402 3099 500 3174 uxori,
525 3099 628 3160 doctus
651 3109 789 3178 spectare
813 3098 947 3176 lacunar,

198 3183 312 3243 Doctus
334 3182 420 3242 etad
442 3181 564 3243 calicem
587 3184 717 3262 vigilanti
740 3192 866 3244 stertere
885 3201 972 3252 naso:

199 3267 294 3340 Quum
316 3266 360 3326 ias
380 3283 448 3326 esse
468 3276 551 3344 putet
573 3286 669 3328 euram
691 3285 811 3346 sperare
836 3269 981 3345 cohortis,

165 3373 167 3376 ·
200 3350 255 3422 Qui
277 3349 354 3410 hona
378 3351 496 3412 donavit
518 3353 711 3431 praesepibus
733 3361 763 3412 et
785 3363 865 3413 caret
886 3355 962 3413 omni

198 3430 338 3494 hlaiorum
361 3453 468 3514 censu,
492 3437 558 3498 dnm
581 3437 716 3518 pervolat
740 3454 795 3498 axe
816 3439 904 3497 citato
1154 3443 1191 3498 60

197 3515 364 3580 Flaminiam
382 3535 458 3600 puer
480 3519 679 3593 Automedom
699 3541 763 3584 nam
785 3521 847 3583 lora
868 3521 986 3582 tenebat
1015 3531 1017 3535 ·
