2592 4022
425 295 550 343 SATIRA
572 297 646 344 VIII.

59 439 216 500 Nocturna
239 444 268 495 et
290 435 418 496 dammas
439 435 572 495 domibus
593 435 769 515 templisque
790 440 910 517 paratis,

60 523 102 584 Ut
126 521 331 581 braeeatorum
354 521 437 598 pueri
460 520 665 598 Senonumque
685 521 822 597 minores,
865 529 869 538 ’

61 607 137 666 Ausi
159 604 237 685 quod
262 603 350 664 liceat
371 604 467 663 tunica
489 605 590 681 punire
614 603 748 663 molesta.
809 645 811 650 -
1004 621 1056 676 235

62 690 127 752 Sed
147 688 250 766 vigilat
274 686 375 746 consul
397 686 566 765 vexillaque
587 697 686 748 vestra
709 699 843 750 coercet:

61 774 118 834 llic
141 790 235 832 novus
257 771 399 849 Arpinas,
426 769 564 848 ignobilis
583 781 612 831 et
631 772 719 832 modo
741 770 853 833 Romae

61 855 249 934 binnieipalis
272 872 383 934 eques,
409 854 555 931 galeatum
576 857 657 934 ponit
675 856 785 936 ubique

61 941 245 1003 Praesidium
268 939 395 998 attonitis
417 947 447 997 et
468 941 497 998 in
520 941 596 998 omni
617 948 715 1000 monte
736 939 860 1000 laborat.

62 1025 188 1086 Tantum
207 1024 294 1100 igitur
314 1040 411 1082 muros
431 1023 505 1082 iutra
524 1033 593 1101 toga
615 1023 734 1084 eontulit
755 1023 797 1083 illi
1004 1037 1057 1090 aab
1164 1097 1166 1104 ¹

61 1108 196 1168 Nominis
223 1125 259 1166 ae
284 1105 374 1181 tituli,
391 1115 535 1186 ,quantum
556 1109 606 1167 nix
625 1107 778 1183 Leueade,
802 1117 937 1186 quantum

62 1192 245 1268 Thessaliae
264 1191 373 1267 eampis
397 1187 533 1249 Ootavius
556 1190 674 1251 abstulit
697 1192 753 1251 udo

63 1275 212 1336 Gaedibus
234 1273 357 1333 assiduis
379 1273 494 1350 gladio;
519 1273 572 1334 sed
593 1273 685 1336 Roma
708 1277 869 1354 parentem,

62 1360 158 1420 Roma
182 1367 294 1438 patrem
317 1359 428 1435 patriae
453 1356 626 1418 Ciceronem
648 1358 743 1418 libera
765 1359 846 1421 dixit.
938 1387 945 1397 ·

62 1445 194 1523 Arpinas
216 1441 289 1502 alius
310 1440 486 1500 Volscorum
509 1444 537 1500 in
557 1441 796 1502 montesolebat
1005 1455 1056 1508 aas

62 1528 197 1589 Poseere
221 1525 390 1600 mercedes,
413 1525 509 1604 alieno
533 1525 763 1594 lassns'aratrm

62 1611 216 1672 Nodosam
241 1617 309 1686 post
332 1607 406 1667 haee
427 1607 580 1686 frangebat
602 1611 714 1668 vertice
737 1610 835 1686 vitem,

64 1697 97 1756 Si
119 1695 214 1754 lentus
238 1694 323 1771 pigra
344 1693 467 1751 muniret
489 1701 585 1752 eastra
606 1691 743 1753 dolabra:
820 1759 823 1766 ¹

63 1779 121 1840 llio
144 1788 239 1837 tamen
261 1786 297 1860 et
314 1773 447 1835 Gimbros
469 1780 505 1836 et'
521 1794 628 1836 summa
650 1776 783 1855 pericula
807 1795 903 1836 rerum

64 1863 202 1940 Excipit,
226 1870 256 1921 et
278 1859 359 1920 solus
383 1861 575 1938 trepidantem
596 1861 724 1938 protegit
748 1859 864 1930 urbem;
892 1897 895 1904 ·
1005 1873 1054 1928 aba

64 1948 164 2025 Atque
187 1945 270 2020 ideo,
294 1951 448 2022 postquam
471 1944 506 2014 ad
529 1942 662 2005 Cimbros
685 1953 870 2024 stragemque
892 1945 1040 2023 volabant,

66 2030 126 2105 Qui
148 2046 301 2108 numquam
324 2029 478 2106 attigerant
499 2031 608 2089 maiora
626 2029 789 2106 andevera,
812 2030 903 2105 corvi,

65 2114 184 2176 Nobilis
206 2121 324 2172 ornatur
346 2111 428 2172 lauro
450 2113 568 2192 eollega
590 2112 727 2172 secunda.

65 2197 207 2259 Plebeiae
230 2196 388 2257 Deciorum
411 2199 537 2273 animae,
559 2196 676 2275 plebeia
698 2197 813 2256 luerunt
864 2201 867 2207 '

67 2282 205 2343 Nomina:
227 2297 280 2361 pro
304 2281 373 2339 totis
396 2279 562 2357 legionibus
584 2279 725 2339 litamen
748 2290 777 2340 et
796 2297 850 2358 pro
1006 2290 1057 2344 255

68 2366 206 2426 Omnibus
229 2363 343 2424 auxiliis
361 2371 448 2441 atque
471 2364 547 2422 omui
568 2362 646 2442 pube
667 2363 766 2423 latina

66 2451 220 2512 Sullieiunt
242 2447 286 2506 dis
308 2447 429 2506 infernis
450 2456 608 2527 terraeque
631 2449 746 2524 parenti
754 2467 761 2516 ;

65 2535 160 2596 Pluris
184 2533 259 2592 enim
281 2530 382 2605 Desii,
406 2549 490 2609 quam
514 2549 588 2610 quae
610 2539 761 2589 servantur
783 2529 819 2590 ab
842 2532 910 2592 illis.

65 2618 183 2678 Aneilla
209 2625 291 2676 natus
313 2613 443 2675 trabeam
463 2623 492 2674 et
513 2613 644 2674 diadema
667 2610 778 2687 Quirini

65 2703 104 2764 Et
125 2702 223 2762 iasees
245 2701 349 2760 meruit
368 2717 470 2777 regum
491 2698 606 2759 ultimus
626 2698 677 2758 ille
696 2696 853 2759 bonorum:
1006 2707 1059 2763 260

65 2786 185 2848 Prodita
206 2784 344 2847 laxabant
365 2793 513 2862 portarum
535 2784 660 2844 claustra
678 2785 807 2860 tyrannis

65 2868 210 2931 Exulibus
231 2871 352 2928 iuvenes
375 2870 467 2946 ipsius
493 2867 620 2927 consulis
644 2877 674 2928 et
696 2885 770 2946 quos

63 2953 203 3032 Magnum
226 2952 334 3031 aliquid
358 2950 443 3012 dubia
464 2969 517 3030 pro
540 2951 676 3012 libertate
698 2951 830 3029 deseret,

64 3038 156 3113 Quod
179 3039 333 3097 miraretur
355 3053 419 3096 eum
444 3033 559 3095 Goolite
580 3032 692 3096 blnoius
717 3045 745 3095 st
768 3054 843 3115 quae

62 3123 186 3202 Imperii
202 3121 275 3182 lines
292 3118 459 3179 Tiberinum
477 3121 561 3198 virgo
583 3122 699 3180 natavit.
1006 3125 1058 3182 265

64 3206 193 3267 Oooulta
215 3207 252 3267 ad
275 3213 374 3284 patres
398 3204 533 3282 produxit
558 3205 675 3264 erimina
697 3223 811 3280 servus,

62 3289 208 3354 Maeroris
229 3289 389 3367 lugendus;
414 3299 442 3349 at
463 3287 531 3348 illos
552 3289 677 3349 verbera
697 3288 778 3348 iustis

67 3375 208 3435 Aiiieiunt
232 3376 336 3455 poenis
361 3383 389 3433 et
411 3373 508 3450 legum
529 3375 621 3452 prima
643 3374 765 3432 securis.

110 3457 189 3519 Malo
214 3467 297 3538 pater
318 3458 369 3518 tibi
392 3457 428 3518 sit
450 3456 615 3535 Thersites,
638 3455 791 3516 dummodo
813 3464 843 3515 tu
865 3456 905 3514 sis

70 3543 219 3605 Aeacidae
242 3543 341 3604 similis
363 3541 564 3621 Vulcaniaque
587 3559 665 3601 erma
689 3558 839 3619 capessas,
1005 3548 1058 3603 2⁷0
