2592 4022
464 261 589 310 suumn
606 262 641 310 X.

77 402 276 482 Temporibus
302 401 372 462 diris
395 401 482 479 igitar
506 401 644 480 iussaque
666 400 792 462 Neronis

76 488 241 566 Longinum
266 493 296 546 et
317 502 439 563 magnos
463 485 597 546 Senecae
618 485 787 564 praedivitis
807 485 909 549 bortos

79 570 193 633 Clausit
216 578 246 630 et
268 571 405 648 egregias
427 567 633 630 Lateranorum
656 569 772 629 obsidet
794 571 885 632 aedes

78 656 156 716 Tota
178 653 301 715 cohors:
323 670 406 713 raras
430 653 559 712 venitin
582 652 741 714 coenacula
762 654 856 714 miles.

76 740 178 801 Pauca
199 738 272 797 licet
296 746 399 816 portes
424 737 538 814 argenti
560 736 679 798 vascula
706 738 781 816 puri,

76 823 176 884 Nocte
200 823 256 881 iter
279 821 430 898 ingressae
452 820 579 897 gladium
601 829 774 899 contumque
795 821 910 882 timebis

76 906 119 967 Et
140 914 236 966 motae
262 905 297 965 ad
320 905 414 964 lunam
436 902 607 982 trepidabis·
620 904 764 964 arundinis
787 905 918 968 umbras:

75 988 216 1050 Cantabit
242 1003 352 1049 vacuas
378 1005 477 1048 coram
499 988 612 1049 latrone
638 989 742 1048 mator.

77 1075 175 1135 Prima
198 1072 262 1132 iere
279 1080 356 1132 'vota
382 1080 412 1131 et
435 1072 545 1134 cunctis
568 1073 717 1132 notissima
739 1073 855 1152 templis

77 1157 225 1234 Divitiae,
247 1165 384 1216 crescant
406 1165 438 1214 at
461 1173 552 1234 opes,
576 1165 607 1215 ut
630 1157 752 1217 maxima
776 1166 838 1217 toto

78 1240 189 1300 Nostra
216 1240 253 1299 sit
276 1258 343 1300 arca
366 1239 451 1299 foro:
478 1238 538 1298 Sed
556 1239 636 1300 nulla
658 1241 772 1301 aconita
795 1240 931 1302 bibuntur

77 1323 247 1392 Fictilibua3
273 1332 341 1382 tunc
364 1323 414 1383 illa
439 1323 524 1398 time,
548 1342 634 1403 quum
656 1324 764 1402 pocula
788 1343 885 1386 sumes

77 1407 230 1470 (lemmata
257 1414 286 1467 et
308 1406 366 1466 lato
391 1407 522 1474 Setinum
544 1407 658 1468 ardebit
679 1409 707 1466 ia
734 1425 814 1468 auro.

77 1492 178 1553 Iamne
204 1491 291 1568 igitur
313 1489 430 1567 laudas,
457 1489 536 1570 quod
560 1490 596 1550 de
623 1491 803 1569 sapientibus
828 1492 903 1553 alter

78 1574 223 1650 Ridebat,
248 1573 374 1653 quoties
387 1573 423 1634 de
444 1574 541 1634 limiae
562 1585 694 1634 moverat
718 1593 802 1634 unum

79 1659 305 1738 Protuleratque
326 1658 448 1736 pedem,
467 1657 557 1717 llebat
577 1659 737 1718 contrarius
760 1656 884 1719 auctori

79 1743 144 1805 Sed
166 1741 260 1816 facilis
285 1744 376 1802 cuiuis
398 1742 486 1820 rigidi
509 1758 631 1803 censura
654 1743 802 1802 cachinni:

78 1824 239 1889 Mirandum
262 1836 325 1904 est,
346 1826 426 1887 unde
450 1825 501 1886 ille
525 1825 624 1886 oculis
643 1826 793 1887 sullecerit
820 1827 930 1887 humor.

79 1912 228 1990 Perpetuo
253 1911 313 1970 risu
336 1909 501 1990 pulmonem
527 1909 638 1988 agitare
663 1909 779 1971 solebat

78 1994 283 2071 Dominabitur,
310 2012 482 2074 quamquam
503 2011 561 2054 aon
583 2003 684 2054 essent
709 1994 829 2056 urbibus
852 1995 909 2056 illis

78 2079 236 2140 Praetexta
259 2088 289 2138 et
310 2079 446 2156 trabeae,
471 2079 585 2156 lauces,
612 2078 734 2156 lectica,
760 2078 894 2140 tribuual.

80 2161 173 2238 Quid,
199 2161 223 2220 si
245 2162 368 2223 vidisset
388 2159 555 2240 praetorem
579 2162 711 2223 curribus
734 2164 802 2223 altis

78 2246 252 2308 Exstaatem
274 2254 303 2305 et
327 2246 413 2306 medii
435 2246 585 2306 sublimem
606 2246 729 2324 pulvere
752 2247 823 2306 circi

78 2330 113 2392 ln
140 2330 236 2390 tunica
257 2327 336 2388 lovis
359 2337 391 2388 et
411 2329 507 2408 pictae
532 2331 655 2390 Sarrana
681 2330 826 2390 serentem

35 2445 37 2449 ·
78 2413 126 2476 Ex
152 2411 280 2472 humeris
303 2412 406 2473 aulaea
431 2421 520 2490 togae
542 2431 723 2492 magnaeque
747 2430 875 2473 coronae

79 2498 201 2560 Tantum
228 2495 346 2572 orbem,
374 2505 481 2576 quanto
507 2498 608 2556 cervix
632 2514 690 2556 uon
715 2496 822 2556 suflicit
844 2493 923 2556 ulla?
1035 2506 1071 2561 to

80 2581 199 2660 Quippe
227 2588 308 2640 tenet
330 2579 435 2640 sadans
456 2579 531 2641 bano
551 2580 687 2658 publicus
709 2589 753 2658 et,
778 2579 834 2640 sibi
860 2579 962 2640 consul

79 2665 125 2726 Ne
148 2664 281 2744 placeat,
307 2681 391 2724 curra
414 2683 517 2726 servrrs
541 2673 672 2743 portatur
697 2664 811 2725 eodem.

79 2748 126 2810 Da
147 2765 224 2808 nunc
249 2757 279 2807 et
303 2749 470 2826 volucrem,
497 2758 615 2827 sceptro
644 2767 718 2827 quae
740 2749 833 2828 surgit
855 2747 978 2828 eburno,

79 2832 166 2893 Illinc
188 2833 368 2909 cornicines,
392 2833 458 2893 bino
480 2832 686 2912 praecedentia
712 2832 794 2912 longi

80 2915 214 2994 Agminis
237 2916 334 2976 cilicia
361 2925 390 2976 et
411 2919 515 2976 niveos
538 2917 576 2975 ad
600 2916 683 2978 irena
707 2915 847 2992 Quirites,

79 2999 210 3061 Delossa
234 3001 262 3059 in
287 3000 393 3060 loculis
415 3017 490 3079 quos
514 2999 644 3078 sportula
665 3000 737 3060 iecit
761 3003 881 3060 amicos.

80 3083 154 3144 'l'am
181 3100 298 3163 quoque
322 3085 470 3145 materiam
491 3085 566 3143 risus
590 3084 699 3144 invenit
723 3083 758 3144 ad
782 3101 883 3143 omnes

81 3167 231 3228 Occursus
253 3166 412 3244 bominum,
440 3169 521 3228 cuius
546 3167 696 3246 prudentia
721 3176 872 3242 monstrat,

80 3252 216 3312 Summos
242 3268 333 3329 posse
358 3253 438 3312 viros
461 3261 491 3312 et
509 3269 611 3328 magna
637 3251 772 3330 exempla
800 3251 918 3310 daturos

79 3334 248 3395 Vervecum
270 3337 298 3395 in
321 3336 414 3414 patria
439 3353 597 3414 crassoque
621 3335 674 3395 sub
698 3354 768 3396 aere
790 3335 881 3395 nasci.

79 3418 209 3479 Ridebat
233 3437 334 3496 curas,
361 3437 497 3480 necnon
523 3428 552 3480 et
575 3420 679 3497 gaudia
706 3419 797 3497 vulgi,

80 3501 228 3572 Interdum
251 3512 281 3564 et
307 3502 456 3582 lacrimas,
484 3522 569 3583 qaam
591 3504 724 3564 fortunae
750 3504 815 3582 ipse
841 3500 945 3563 minaci

123 3607 182 3648 rav.
207 3608 269 3648 sar.
843 3586 862 3646 b
