2592 4022
463 307 590 356 suumn
611 309 676 356 ΧΠ.

76 448 234 513 l'esticuli:
258 448 334 509 adeo
355 444 529 507 medicatum
551 447 698 528 intellegit
707 448 824 526 inquere

67 534 216 609 Fundlte,
238 548 314 612 quae
336 549 402 591 mea
421 540 502 606 sunt,
524 531 658 607 dicebat,
684 541 804 608 cuncta,
827 531 969 614 Catullus,

74 617 276 697 Praecipitare
294 615 399 675 voleus
422 617 508 675 etiam
529 615 742 694 pulcherrima,
761 625 874 677 restem

73 703 269 781 Purpuream,
291 700 402 759 teneris
421 715 540 778 quoque
561 697 780 760 Maecenatibus
802 710 909 780 aptam,

74 785 175 865 Atque
194 784 282 859 alias,
304 801 424 863 quarum
446 783 586 860 generosi
608 785 746 861 graminis
767 785 861 864 ipsum

73 869 181 931 lnlecit
202 877 303 941 natura
324 884 433 946 pecus,
458 867 512 926 sed
534 875 564 926 et
585 870 725 946 egregius
747 868 814 929 lons

72 953 193 1013 Viribus
216 951 342 1012 occultis
364 959 394 1010 et
415 951 552 1011 Baeticus
574 950 690 1012 adiuvat
707 970 769 1012 aer.

72 1038 128 1098 lile
151 1054 208 1096 neo
230 1043 381 1113 argentum
404 1034 555 1097 dubitabat
574 1036 706 1113 mittere,
728 1037 830 1098 lances

71 1119 231 1183 Parthenio
250 1119 361 1196 iactas,
384 1137 474 1180 uruae
497 1127 612 1179 cratera
633 1137 773 1199 capacem

72 1205 110 1267 Et
134 1204 251 1282 dignum
274 1205 391 1263 sitiente
410 1203 504 1265 l'bolo
526 1202 575 1262 vel
598 1205 723 1282 coniuge
745 1203 849 1280 llusci3
1036 1217 1070 1272 45

72 1289 160 1351 Adde
181 1297 211 1348 et
233 1287 448 1348 bascaudasct
468 1287 548 1346 mille
568 1289 699 1364 escaria,
722 1288 839 1348 multum

73 1371 205 1448 Gaelati,
229 1370 345 1431 biberat
363 1387 422 1450 quo
444 1370 568 1432 callidus
590 1381 703 1450 emptor
725 1371 852 1448 Olynthi.

71 1456 135 1518 Sed
158 1456 224 1533 quis
245 1472 320 1515 nuno
342 1455 432 1532 alius,
455 1473 512 1534 qua
534 1455 630 1515 mundi
653 1465 737 1534 parte
757 1458 821 1534 quis
841 1458 928 1518 audet

70 1540 208 1618 Argento
225 1539 380 1618 praeferre
403 1547 491 1618 caput
511 1538 661 1617 rebusque
683 1536 828 1600 salutem?

72 1623 863 1787 uunuursacrosanctus2
1036 1638 1071 1690 ⁶0

69 1791 201 1852 Iactatur
220 1808 317 1851 rerum
338 1791 448 1851 utilium
469 1809 538 1870 pars
559 1793 698 1867 maxima,
721 1792 774 1852 sed
796 1808 854 1853 uec

69 1875 184 1936 Damna
204 1875 317 1944 levaut;
340 1884 409 1934 tunc
431 1874 565 1934 adversis
585 1873 757 1953 urgentibus
777 1874 848 1936 illuc

70 1958 226 2036 Reccidit,
247 1968 278 2019 ut
299 1958 404 2019 malum
426 1959 507 2018 lerro
530 1960 737 2036 summitteret,
761 1977 797 2019 ac
819 1977 852 2021 se

69 2041 212 2122 Explicat
234 2051 401 2122 angustum:
424 2043 597 2103 discriminis
616 2042 728 2118 ultima,
754 2043 869 2122 quando
1035 2055 1069 2109 tt

68 2127 223 2188 Praesidio
244 2128 391 2189 afferimus
410 2145 514 2188 narem
536 2127 648 2187 lactura
670 2128 820 2188 minorem.

68 2211 183 2272 lnunc
206 2219 237 2272 et
256 2213 352 2271 ventis
374 2213 496 2271 animam
519 2212 682 2287 committe,
706 2210 805 2272 dolato

70 2293 210 2356 Confisus
231 2294 329 2371 liguo,
353 2293 450 2370 digitis
471 2311 489 2353 a
509 2303 605 2352 morte
624 2302 754 2354 remotus

68 2379 218 2453 Quattuor
240 2384 288 2436 aut
310 2384 438 2454 septem,
462 2376 488 2434 si
510 2377 547 2436 sit
568 2375 706 2454 latissima
724 2374 828 2450 taeda;

68 2461 143 2524 llox
164 2476 229 2520 cum
246 2459 379 2519 reticulis
398 2468 428 2520 ct
446 2475 522 2539 pane
546 2467 576 2518 et
596 2467 700 2519 venne
722 2458 847 2536 lagonae
1034 2471 1069 2527 oo

69 2545 185 2625 Aspice
208 2543 363 2604 sumendas
384 2543 610 2622 intempestate
633 2559 765 2603 secures.

70 2629 133 2692 Sed
154 2637 311 2708 postquam
329 2628 417 2689 iacuit
438 2627 554 2707 planum
574 2645 672 2703 mare,
693 2635 827 2706 tempora
844 2635 998 2710 postquam

67 2713 220 2793 Prospera
240 2713 371 2773 vectoris
392 2712 540 2792 latumque
561 2711 705 2772 valentius
727 2728 800 2773 euro

67 2796 108 2858 Et
128 2797 256 2876 pelago,
279 2805 433 2877 postquam
452 2797 563 2858 l'arcae
583 2797 706 2858 meliora
728 2796 854 2877 benigna

67 2881 165 2942 Pensa
185 2899 270 2942 mauu
292 2882 399 2942 ducunt
420 2880 529 2942 hilares
552 2890 582 2941 et
599 2881 729 2962 staminis
750 2881 810 2943 albi
1032 2892 1067 2946 ot

66 2965 231 3043 basilicae,
252 2965 367 3026 modica
385 2983 442 3024 uec
461 2964 579 3025 maltum
599 2966 704 3028 fortior
722 2984 790 3027 aura

67 3049 182 3110 Ventus
204 3049 303 3112 adest:
321 3049 402 3129 inopi
423 3048 597 3110 miserabilis
618 3059 681 3112 arte
704 3050 830 3110 cucurrit

65 3133 208 3194 Vestibus
231 3134 362 3194 extensis
385 3139 432 3209 et,
456 3133 535 3214 qnod
553 3142 744 3214 superaverat
765 3151 861 3213 unum,

65 3215 145 3278 Velc
169 3234 258 3297 prora
279 3233 343 3278 suo.
385 3216 446 3278 lam
463 3217 667 3281 deficientibus
687 3218 792 3278 austris

67 3301 146 3380 Spes
168 3303 247 3363 vitae
269 3319 333 3363 cum
356 3301 422 3362 sole
440 3301 530 3376 redit;
553 3313 621 3367 tnnc
642 3311 743 3382 gratus
764 3301 828 3362 lulo

66 3382 166 3464 Atque
187 3386 340 3448 novercali
361 3386 451 3448 sedes
474 3387 605 3466 praelata
626 3387 735 3449 Lavino

68 3464 256 3548 conspicitur
276 3471 408 3532 sublimis
429 3488 525 3549 apex,
546 3473 592 3532 cui
613 3469 733 3532 candida
755 3483 862 3528 nomen
992 3513 994 3520 ,

67 3550 173 3613 Scrofa
195 3553 290 3632 dedit,
312 3556 399 3617 lactis
420 3554 584 3633 Phrygibus
605 3553 737 3618 mirabile
761 3570 873 3631 sumen,

108 3654 165 3699 mv.
189 3657 249 3698 sur.
835 3645 853 3699 6
