2592 4022
509 263 636 312 sarran
657 265 705 312 x1.
1057 224 1103 315 '77

1 457 2 460 ,
111 405 196 468 Tunc
218 403 297 464 rudis
320 409 348 462 et
370 399 470 462 Graias
496 404 592 464 mirari
614 402 731 462 nescius
754 409 832 463 artes
1054 415 1105 470 100

1 495 2 520 ³
111 488 241 552 Urbibus
265 485 376 547 eversis
399 486 571 565 praedarum
593 487 622 545 in
644 493 728 565 parta
748 494 867 565 reperta

112 572 285 651 Magnorum
309 568 449 631 artificum
472 569 626 648 frangebat
645 567 753 647 pocula
773 565 868 646 miles,

112 656 153 718 Ut
173 654 302 735 phaleris
325 651 467 730 gauderet
493 671 585 732 equus
611 651 783 731 caelataque
806 653 898 733 cassis

112 739 277 800 Romuleae
300 736 454 796 simulacra
479 737 561 798 ierac
585 745 792 796 mansuescere
819 739 917 798 iussae

0 811 1 834 ³
113 823 233 903 Imperii
258 821 335 896 lato,
358 820 490 897 geminos
512 819 566 880 suh
588 838 661 898 rupe
683 819 829 897 Quirinos,
1052 833 1103 888 105

113 907 162 967 Ac
185 906 288 967 nudam
309 904 437 980 effigiem
461 903 557 982 clipeo
580 897 722 964 venientis
743 912 773 963 et
794 903 877 964 hasta
984 907 993 914 “

113 989 332 1070 Pendentisque
357 987 404 1047 dei
429 989 558 1066 perituro
582 986 751 1048 ostenderet
774 987 861 1048 hosti.

114 1073 267 1134 Ponebant
289 1074 376 1151 igitur
400 1069 497 1131 'lusco
519 1071 627 1132 farrata
646 1072 766 1139 catinop

114 1157 239 1234 Argenti
265 1156 442 1235 quoderat,
466 1154 538 1214 solis
561 1155 694 1232 fulgebat
714 1155 743 1214 in
765 1155 862 1214 armis.

115 1240 218 1301 Omnia
240 1248 323 1316 tunc,
349 1238 452 1317 quibus
472 1239 619 1316 invideas,
643 1241 668 1298 si
690 1237 825 1298 lividulus
847 1237 898 1298 sis.
1053 1247 1105 1302 110

1 1318 7 1397 ζ
115 1322 304 1402 'l'emplorum
326 1339 444 1402 quoque
464 1323 599 1384 maiestas
622 1323 806 1403 praesentior
827 1329 857 1382 at
878 1331 938 1380 vox

115 1406 212 1468 Nocte
234 1407 298 1468 fere
319 1405 413 1466 media
434 1405 613 1485 mediamque
636 1407 730 1467 audita
751 1424 805 1485 per
827 1403 937 1482 urbem,

0 1476 1 1499 ¹
115 1490 214 1552 Litore
238 1490 274 1552 ab
297 1489 406 1550 Oceani
428 1488 517 1550 Gallis
537 1489 720 1550 venientibus
743 1499 773 1549 et
794 1488 843 1548 dic

0 1574 1 1601 ¹
116 1573 252 1636 Oilicium
273 1575 347 1634 vatis
368 1573 591 1652 peragentibus;
613 1573 658 1634 his
680 1573 790 1633 monuit
809 1588 874 1646 noa,

115 1657 198 1719 Hanc
224 1658 313 1718 nehus
335 1655 422 1717 Latiis
446 1673 543 1716 curam
560 1664 720 1735 praestare
741 1653 857 1715 solebat
882 1697 885 1702 -

115 1741 230 1803 Fictilis
257 1751 287 1802 et
306 1739 387 1815 nullo
413 1739 538 1800 violatus
563 1737 693 1818 luppiter
716 1755 797 1799 auro.
1009 1737 1011 1740 ’

115 1824 173 1888 Illa
196 1825 271 1886 dorni
292 1833 374 1884 natas
397 1832 556 1902 nostraque
584 1841 621 1883 ex
641 1822 749 1884 arbore
771 1837 886 1883 mensas

117 1908 265 1989 Tempora
287 1908 434 1977 viderunt;
457 1907 512 1968 hos
532 1907 639 1985 lignum
663 1906 759 1968 stabat
781 1905 817 1966 ad
838 1920 918 1982 usus,

116 1991 267 2053 Annonam
289 1994 314 2053 si
336 1991 412 2052 forte
431 2009 535 2051 nucem
560 1990 710 2052 deiecerat
731 2007 828 2051 curus.

1 2097 2 2120 ¹
116 2075 158 2137 At
181 2095 256 2136 nuuc
282 2075 416 2136 divitibus
439 2075 579 2136 coenandi
600 2073 679 2136 nulla
696 2075 843 2154 voluptas,
920 2091 922 2098 ·

117 2158 168 2220 Nil
189 2159 344 2235 rhombus,
371 2158 412 2219 nil
433 2159 516 2221 dama
537 2161 629 2239 sapit,
652 2167 755 2239 putere
776 2156 909 2218 videntur
975 2155 978 2160 '

118 2241 273 2321 Unguenta
300 2253 386 2321 atque
409 2259 511 2319 rosae,
535 2242 610 2303 latos
630 2243 684 2303 nisi
706 2243 829 2303 sustinet
851 2241 940 2302 orbes

118 2325 234 2388 Grande
257 2326 330 2388 ebur
351 2336 381 2387 et
402 2343 506 2404 magno
530 2325 661 2385 sublimis
683 2325 789 2404 pardus
812 2326 900 2400 hiatu,

116 2410 261 2471 Dentibus
287 2430 325 2471 ex
349 2410 423 2487 illis,
448 2427 521 2489 quos
543 2410 627 2469 mittit
645 2417 729 2486 porta
750 2409 864 2483 Syenes

117 2493 157 2554 Et
179 2494 271 2555 hlauri
294 2494 411 2555 celeres
435 2503 464 2554 et
485 2492 584 2554 Mauro
610 2491 763 2552 obscurior
781 2491 878 2568 ludus,

118 2577 159 2639 Et
187 2597 261 2658 quos
285 2578 421 2657 deposuit
440 2576 593 2655 ,Nabataeo
616 2575 714 2636 bellua
736 2575 822 2651 saltu,

117 2660 179 2723 lam
201 2663 304 2723 nimios
327 2663 471 2741 capitique
489 2677 605 2738 gravas.
642 2659 716 2719 llinc
741 2659 834 2737 surgit
857 2658 966 2734 oraxis,

117 2744 193 2807 Hinc
211 2745 361 2808 stomacho
385 2746 480 2814 vires;
504 2762 568 2805 nam
591 2763 646 2822 pes
667 2750 823 2822 argenteus
847 2742 915 2820 illis,

119 2828 252 2890 Annulus
274 2831 304 2890 in
330 2828 419 2907 digito
444 2828 522 2908 quod
548 2829 672 2889 ferreus.
710 2826 791 2906 Ergo
814 2827 970 2907 superbum

120 2909 281 2975 Convivam
304 2929 415 2990 caveo,
440 2915 488 2992 qui
509 2931 555 2972 me
577 2911 631 2973 sibi
655 2920 804 2991 comparet
826 2921 856 2972 et
877 2930 926 2972 res

119 2995 255 3077 Despicit
280 2999 411 3075 exiguas.
446 2994 531 3057 Adeo
553 2996 632 3056 nulla
656 2999 739 3057 uncia
760 2994 843 3055 nobis

1 3123 2 3148 r
120 3079 176 3142 Est
197 3080 295 3142 choris
319 3098 375 3141 nec
396 3078 537 3141 tessellae
561 3098 618 3140 nec
643 3079 771 3141 calculus
796 3095 835 3138 ex
858 3077 913 3138 hac

1 3243 2 3246 Ἴ
119 3162 260 3243 Materia,
282 3166 350 3244 quin
374 3166 438 3244 ipsa
462 3162 608 3225 manubria
633 3164 814 3224 cultellorum

1 3323 2 3332 ἵ
121 3245 231 3317 0ssea;
255 3257 431 3310 nontamen
459 3247 503 3308 his
529 3246 588 3309 ulla
612 3265 744 3326 umquam
766 3245 887 3306 obsonia
910 3244 980 3305 liunt

120 3328 308 3410 Rancidulu,¹
330 3341 379 3394 aut
399 3331 466 3392 ideo
493 3332 578 3411 peior
602 3331 710 3410 gallina
735 3338 861 3391 secatur.
1053 3333 1105 3390 13⁶

120 3415 182 3476 Sed
205 3434 262 3476 nec
283 3425 410 3477 structor
438 3417 512 3492 erit,
537 3415 583 3476 cui
607 3413 715 3476 cedere
741 3412 847 3474 debeat
867 3413 960 3473 omnis

1 3559 2 3574 ¹
120 3495 262 3578 asignia,
286 3498 446 3579 discipulus
469 3497 611 3580 Trypheri
634 3498 779 3575 doctoris,
802 3497 880 3577 apud
905 3514 991 3578 quem
