2552 4028
516 237 640 287 SATIRA
662 240 685 286 1.

79 378 221 458 Antiqnis
236 395 296 438 una
318 377 471 438 comeduut
493 377 663 455 patrimonia
683 395 792 438 mensa.

79 461 190 522 Nullus
210 463 266 522 iam
287 462 431 540 parasitus
453 462 518 521 erit.
550 461 610 524 Sed
633 463 698 540 quis
719 461 794 522 ierat
816 461 888 522 istas

80 545 229 606 Luxuriae
253 542 379 607 sordes?
401 554 506 624 quanta
530 553 574 605 est
597 545 681 622 gula,
704 563 778 625 quae
801 545 856 605 sibi
878 555 956 609 totos
1023 567 1026 572 ·

82 629 169 691 Ponit
189 646 294 708 apros,
318 629 421 690 animal
442 637 564 708 propter
586 629 720 690 convivia
739 629 847 689 natum!

81 714 183 774 Poena
204 721 300 773 tamen
321 731 479 791 praesens,
503 730 589 792 quum
610 722 639 772 tu
661 711 785 791 deponis
805 715 924 776 amictus

82 797 227 876 Turgidus
250 805 279 856 et
302 797 420 858 crudum
439 814 583 875 pavonem
604 797 633 854 in
656 795 761 857 balnea
777 805 887 874 portas.

81 881 157 944 llinc
180 881 293 942 subitae
315 888 425 940 mortes
448 887 535 959 atque
558 881 692 941 intestata
715 890 865 950 senectam

81 963 122 1026 llt
143 982 218 1026 nova
239 983 296 1024 nec
318 963 408 1025 tristis
431 982 486 1043 per
509 973 628 1024 cunctas
649 964 747 1025 iabnla
767 981 876 1024 coenas

81 1049 205 1110 Ducitur
226 1049 306 1109 iratis
330 1047 523 1128 plaudendum
545 1049 628 1109 iunus
651 1049 760 1109 amicis.

147 1131 194 1192 Nil
217 1133 272 1193 erit
290 1133 426 1209 ulterius,
448 1132 526 1211 qnod
548 1132 655 1194 nostris
677 1131 806 1193 moribus
824 1132 910 1194 addat

82 1217 258 1286 Posterius:
282 1217 384 1277 eadem
402 1217 511 1278 facient
535 1219 710 1296 cupientque
733 1218 870 1278 minores.

84 1299 177 1361 Omne
198 1300 227 1359 in
248 1299 402 1378 praecipiti
424 1301 522 1360 vitium
545 1301 638 1370 statit;
661 1309 744 1360 utere
767 1301 858 1377 velis,

84 1384 177 1445 Totos
199 1384 293 1462 pande
317 1383 411 1465 sinus!
446 1382 534 1444 Dicas
554 1384 601 1444 hic
624 1383 760 1445 forsitan:
783 1383 866 1446 Unde

82 1469 231 1546 Ingenium
253 1485 307 1546 par
324 1466 486 1544 materiae?
509 1469 583 1528 unde
606 1469 656 1528 illa
677 1469 804 1546 priorum

82 1551 238 1612 Scribonii
261 1551 464 1630 quodcumque
484 1553 578 1612 animo
600 1551 741 1628 flagrante
764 1551 871 1613 liberet

82 1634 280 1713 Simplicitas,
303 1635 383 1694 cuins
404 1651 462 1693 nou
484 1635 579 1695 audeo
601 1635 702 1696 dicero
723 1633 852 1695 numeni

82 1717 164 1793 Quid
181 1717 274 1778 relert
296 1717 380 1777 dictis
401 1717 535 1794 ignoscat
555 1717 667 1778 llucius
690 1734 726 1779 an
743 1717 823 1778 noui

81 1803 163 1864 l‘one
186 1800 374 1879 Tigellinum:
398 1802 484 1862 taeda
507 1800 622 1862 lucebis
643 1804 671 1861 in
692 1802 759 1879 itta,

83 1886 148 1959 Qua
171 1894 281 1946 stantes
303 1885 422 1961 ardent,
444 1887 492 1964 qui
515 1885 574 1945 flxo
598 1895 721 1965 pectore
743 1887 866 1964 fumant,

82 1969 121 2030 Et
141 1970 228 2031 latum
249 1969 345 2029 media
367 1969 476 2029 sulcum
500 1970 620 2030 deducis
642 1988 740 2031 arena.
762 2006 805 2016 —-

84 2053 140 2128 Qui
162 2053 241 2115 dedit
263 2070 335 2131 ergo
356 2053 448 2113 tribus
470 2054 579 2132 patruis
604 2055 876 2132 aconita,vel1atur

83 2136 246 2198 Pensilibus
270 2137 372 2216 plumis
394 2145 480 2216 atque
503 2138 583 2198 illinc
606 2139 750 2218 despiciet
770 2137 846 2199 nos?
869 2173 911 2189 --

85 2219 177 2295 Quum
193 2223 293 2292 reniet
316 2230 432 2298 contra,
456 2222 547 2299 digito
571 2239 729 2300 compesce
750 2221 905 2284 labellum:

83 2305 247 2366 Accusator
269 2305 323 2365 crit
346 2307 393 2383 qni
415 2305 538 2364 verbum
561 2306 680 2366 dixerit:
705 2306 752 2365 hic
775 2316 829 2366 est.

84 2389 212 2450 Securus
231 2389 301 2449 licet
320 2387 442 2448 Aenean
471 2387 664 2467 Rutulumque
684 2389 817 2448 ferocem

84 2470 268 2549 committas,
286 2470 357 2531 nulli
378 2472 476 2549 gravis
498 2480 544 2531 est
565 2489 722 2551 percussus
744 2471 877 2532 Achilles

83 2556 141 2617 Aut
158 2557 276 2618 multum
299 2557 447 2634 quaesitus
468 2554 558 2630 Hylas
581 2572 740 2634 urnamque
760 2564 892 2625 secutum

82 2639 162 2701 Ense
182 2640 261 2700 velut
284 2642 384 2700 stricto
405 2641 520 2718 quoties
539 2639 666 2699 Lucilius
689 2639 796 2699 ardena

83 2724 246 2802 lniremuit,
269 2723 355 2785 rubet
377 2724 507 2800 auditor,
532 2725 577 2783 cui
598 2722 703 2801 irigida
724 2741 806 2784 mens
829 2734 873 2784 est

84 2806 273 2885 (hirmuinus,
294 2809 383 2869 tacita
405 2808 507 2868 sudant
527 2808 701 2886 praecordia
728 2809 823 2888 culpa.

83 2893 154 2954 lnde
175 2894 235 2954 irae
260 2901 289 2952 et
312 2891 458 2953 lacrimae.
500 2889 608 2952 'l'ecum
631 2893 711 2969 prins
735 2910 806 2970 argo
827 2893 925 2954 voluta

83 2975 163 3037 llaec
187 2978 280 3038 anime
304 2985 369 3037 ante
389 2976 488 3044 tubas;
512 2975 657 3052 galeatum
681 2993 750 3036 sero
774 2975 863 3036 duelli

83 3061 224 3122 Poenitet.
240 3094 283 3109 -
300 3059 465 3139 Experiar,
492 3059 560 3140 quid
584 3061 761 3121 concedatur
780 3061 808 3119 in
833 3060 917 3136 illos,
1019 3067 1071 3123 rio

85 3144 212 3221 Quorum
232 3142 371 3206 Flaminia
392 3143 500 3222 tegitur
523 3144 594 3212 cinis
617 3152 703 3223 atque
724 3143 832 3206 Latina.

483 3370 665 3382 --—.-—=-‹u
