2552 4028
380 707 420 800 o.
447 705 557 800 [nott
583 701 811 802 ffltunntln‘

505 877 684 955 noturus

252 1021 939 1140 snutnnnon

464 1233 566 1298 LIBER
591 1233 724 1300 PRIMUS.

440 1534 679 1602 SATIRA
716 1535 744 1600 Ι.

97 1634 229 1742 Semper
250 1680 306 1740 ego
327 1664 439 1724 auditor
460 1663 587 1726 tantum?
610 1681 800 1742 numquamne
822 1680 979 1742 reponam,

96 1751 230 1814 Venatus
251 1750 339 1810 toties
359 1749 439 1810 rauci
461 1749 610 1810 Theseide
633 1747 743 1810 Cordi?

97 1835 217 1912 impuno
239 1849 311 1910 ergo
331 1832 399 1892 mihi
420 1834 588 1894 recitaverit
609 1833 664 1908 tlte,
682 1843 811 1912 togatas,

97 1919 151 1980 Hic
173 1913 298 1994 elegos?
318 1918 433 1995 impune
456 1917 532 1978 diem
556 1919 767 1997 consumpserit
789 1919 892 1994 ingens

98 2000 247 2080 Telephus
266 2010 315 2062 aut
335 2003 438 2062 summi
457 2003 544 2080 plena
563 2003 619 2062 iam
640 2005 768 2080 margine
786 2001 853 2062 libri
1068 2012 1085 2066 i

98 2087 230 2164 Scriptus
254 2085 332 2145 etin
354 2094 439 2162 tergo
457 2103 513 2146 neo
534 2087 600 2148 dum
622 2087 717 2147 finitus
740 2082 897 2146 Orestes?-

97 2167 172 2230 Nota
194 2169 286 2247 magis
307 2168 500 2230 nullidomus
521 2180 653 2246 estana,
677 2188 761 2248 quam
784 2169 850 2229 rnihi
873 2169 956 2229 lucus

96 2253 196 2316 Martis
218 2262 248 2313 et
269 2251 382 2317 Aeoliis
404 2255 535 2317 uicinum.
548 2255 667 2334 rupibus
688 2263 797 2314 antrum

98 2337 229 2397 Vulcani.
260 2335 335 2411 Quid
356 2348 443 2414 agant
464 2339 561 2414 venti,
583 2357 654 2417 quas
675 2345 809 2415 torqueat
829 2335 945 2396 umbras

97 2420 230 2496 Aeacus,
253 2421 330 2480 unde
352 2421 425 2481 alius
444 2421 569 2482 furtivas
588 2420 714 2482 devehat
736 2438 834 2478 aurum
989 2443 994 2452 ⁴
1051 2429 1084 2482 lo

96 2502 273 2580 Peniculus,
297 2512 418 2584 quantas
439 2504 581 2567 iaculetur
603 2502 763 2578 Monychus
786 2518 890 2576 ornos,

95 2585 252 2648 Frontonis
270 2588 378 2666 platani
400 2587 600 2668 convulsaque
622 2603 764 2648 marmora
787 2585 911 2646 clamant

95 2672 221 2748 Semper
240 2679 270 2730 st
292 2673 408 2732 assiduo
428 2681 531 2752 ruptae
554 2673 668 2733 lectore
689 2669 855 2732 columnae:

94 2754 263 2832 Exspectat
286 2757 389 2817 eadem
408 2774 425 2818 a
445 2774 556 2818 summo
578 2759 753 2835 minimoque
776 2765 873 2835 poeta.

93 2837 133 2900 Et
153 2855 208 2898 nos
224 2855 298 2916 ergo
318 2858 430 2902 manum
450 2841 563 2901 iarnlae
586 2841 788 2916 subduximus,
812 2847 840 2899 et
859 2855 913 2899 nos
1049 2850 1082 2902 15

95 2919 255 2998 Consilium
276 2923 408 2984 dedimus
431 2925 548 3000 Sullae,
571 2926 700 3003 privatus
723 2934 753 2985 ut
776 2923 862 2984 altum

93 3006 255 3076 Dormiret;
277 3007 364 3069 stultu
382 3017 429 3068 ost
450 3009 619 3086 clementia,
639 3026 725 3088 quum
744 3017 786 3076 tot
806 3007 913 3086 ubique

93 3091 217 3152 Vatibus
238 3108 395 3169 occurras,
418 3095 565 3171 perituras
586 3111 710 3172 parcere
733 3091 860 3153 chartae.

94 3171 154 3234 Gur
175 3184 270 3236 tamen
290 3175 348 3236 hoc
370 3178 466 3254 potius
490 3177 579 3238 libeat
600 3177 758 3238 decurrere
780 3192 898 3254 campo,

92 3257 150 3318 Per
172 3277 258 3337 quem
278 3278 400 3338 magnus
420 3278 515 3340 squos
534 3261 688 3323 Auruncae
711 3261 791 3322 flexit
813 3260 960 3334 alumnus,
1048 3267 1082 3320 io

92 3342 125 3404 Si
145 3351 230 3405 vacat
251 3360 286 3404 ao
308 3344 416 3422 placidi
438 3347 579 3406 rationem
600 3346 762 3420 admittitis,
785 3343 876 3405 edam.

154 3426 248 3501 Quum
269 3435 353 3488 tener
376 3445 497 3490 uxorem
517 3431 602 3491 ducat
624 3429 731 3507 spado,
750 3427 863 3488 Maeuia
885 3424 1009 3486 Tuscum

92 3508 177 3587 Figat
199 3527 298 3589 aprum
321 3521 352 3573 et
369 3513 444 3573 nuda
467 3521 565 3576 teneat
585 3511 730 3575 venabula
751 3528 879 3576 mamma:

134 3611 191 3656 mv.
206 3614 267 3656 aar.
857 3595 871 3654 i
