2552 4028
225 265 260 327 16
546 278 580 326 n.
604 277 676 326 suu.
697 276 883 326 ruvnusurs

221 419 325 481 lectus
348 424 411 477 erat
432 413 529 476 Codro
553 415 678 477 Procula
699 416 807 492 minor,
830 417 945 476 urceoli
966 435 1030 496 sex,

221 501 423 562 Ornamentum
446 499 547 577 abaci,
570 517 705 561 necnon
728 510 758 560 et
775 501 912 578 parvulus
932 501 1004 561 inlra

221 585 381 647 (lantherus
405 594 435 645 et
457 585 602 646 recubans
623 584 676 644 sub
699 584 803 644 eodem
825 603 968 646 marmore
992 584 1114 645 Chiron·
1162 593 1209 648 att

218 670 338 748 lamque
361 677 446 730 retus
465 685 598 769 'graecos
619 668 756 732 servabat
778 669 849 730 cista
872 669 1000 746 libellos,

219 753 256 814 lit
278 754 373 814 divina
393 755 472 833 opici
493 753 635 815 rodebant
658 753 783 814 carmina
804 772 910 814 mures.

218 838 267 900 Nil
285 837 385 899 babuit
403 836 532 909 Codrus,
555 838 619 917 quis
642 838 717 897 enim
736 833 845 915 negat?
869 846 898 898 et
921 847 1016 900 tamen
1037 837 1109 900 illud

220 923 348 984 Perdidit
366 922 469 984 infelix
491 930 581 982 totum
602 921 689 983 nibil:
713 922 828 982 ultimus
848 931 945 982 eutem

220 1005 385 1068 Aerumnae
402 1015 447 1068 est
464 1007 611 1084 cumulus,
628 1006 705 1085 quod
723 1005 827 1066 nudum
843 1016 873 1066 et
887 1005 980 1067 frusta
994 1014 1148 1086 rogantem
1164 1017 1211 1070 210

219 1091 313 1151 Nemo
337 1090 422 1167 cibo,
446 1108 531 1150 nemo
554 1090 681 1168 bospitio
702 1099 842 1169 tectoque
860 1091 978 1152 iuvabit.

220 1174 252 1234 st
271 1191 375 1251 magna
397 1172 528 1233 Asturici
551 1173 658 1233 cecidit
681 1173 799 1248 domus,
822 1173 941 1235 borrida
960 1185 1063 1252 mater,

220 1257 324 1318 Pullati
346 1273 505 1336 proceres,
527 1256 624 1316 differt
645 1255 808 1318 vadimonia
827 1267 961 1335 praetor;

220 1341 301 1402 'lunc
322 1342 463 1419 gemimus
484 1357 571 1400 casus
591 1340 688 1418 urbis,
706 1349 774 1402 tuno
795 1341 907 1402 odimus
927 1345 1032 1421 ignem.

220 1424 314 1485 Ardet
336 1425 446 1503 adbuc,
469 1433 500 1484 et
523 1427 579 1486 iam
599 1426 725 1486 accurrit
748 1427 796 1505 qui
815 1442 958 1488 marmore
980 1427 1079 1504 donet,
1163 1437 1211 1491 tlt

222 1506 363 1570 Conferat
385 1511 548 1588 impensae:
571 1509 618 1570 bic
639 1509 714 1572 nuda
736 1519 767 1570 et
789 1511 909 1572 candide
932 1512 1025 1589 signa,

219 1592 274 1655 llic
294 1593 404 1674 aliquid
427 1595 609 1672 praeclarum
628 1593 826 1672 Euphranoris
847 1603 875 1655 et
894 1595 1039 1672 Polycliti,
1063 1657 1065 1662 ,
1125 1581 1128 1588 ’

30 1720 59 1741 1.
105 1682 110 1708 ²
219 1677 301 1756 lle-ec
323 1678 497 1740 Asianorum
521 1687 622 1739 vetera
644 1688 810 1740 ornamenta
833 1679 964 1756 deornm,

220 1762 274 1823 llic
296 1762 389 1822 libros
411 1762 490 1823 dabit
509 1772 538 1824 et
557 1762 670 1826 forulos
692 1763 875 1842 mediamque
894 1762 1063 1840 Minervam,

219 1846 275 1906 llic
297 1846 422 1907 modium
443 1847 571 1924 argenti;
594 1847 716 1909 meliora
737 1864 774 1906 ac
794 1846 876 1924 plura
895 1849 1012 1926 reponit
1166 1857 1214 1909 22⁰

220 1929 357 1990 Persicus
380 1928 517 1990 orborum
538 1929 713 1989 lautissimus
735 1938 764 1989 et
783 1933 886 1990 merito
910 1932 966 1992 iam

222 2015 400 2092 Suspectus,
421 2020 564 2091 tamquam
585 2014 649 2091 ipse
672 2031 739 2074 enas
758 2013 919 2074 incenderit
940 2014 1040 2076 aedes.

221 2097 252 2158 st
273 2106 359 2175 potes
382 2096 470 2157 avelli
488 2096 688 2173 circensibus,
712 2099 819 2176 optima
838 2099 931 2160 Sorae

221 2180 279 2240 Aut
294 2179 482 2240 Fabrateriae
502 2181 603 2242 domus
626 2191 674 2241 aut
696 2179 857 2242 Frusinone
881 2193 1008 2262 paretur,

221 2264 327 2339 Quanti
349 2282 424 2323 nnnc
446 2265 584 2326 tenebras
606 2283 691 2325 unum
714 2266 851 2326 conducis
871 2268 899 2326 in
920 2285 1031 2330 annum.
1165 2276 1214 2332 ἥδ

221 2344 358 2408 Hortulus
380 2348 429 2409 bic
447 2357 611 2430 puteusque
633 2349 731 2410 brevis
751 2368 807 2410 nec
826 2359 906 2411 reste
926 2349 1085 2412 movendus

221 2432 252 2494 ln
275 2441 379 2493 tenues
395 2433 508 2512 plantas
528 2433 609 2496 facili
633 2435 807 2510 diffunditur
819 2433 931 2495 baustu.

221 2517 296 2578 Vive
319 2517 444 2579 bidentis
465 2537 563 2580 amans
586 2527 615 2580 et
634 2519 702 2579 culti
735 2520 838 2578 vilicus
857 2519 944 2594 borti,

223 2601 306 2662 Unde
328 2603 446 2680 epulum
468 2604 566 2681 possis
589 2611 702 2662 centum
722 2601 791 2662 dare
814 2600 1015 2676 Pythagoreis.

221 2684 275 2744 Est
296 2684 419 2762 aliquid,
442 2699 624 2762 quocumque
649 2682 734 2758 loco,
759 2698 940 2762 quocumque
962 2697 1096 2758 recessu,
1166 2695 1214 2750 230

222 2767 311 2828 Unius
335 2784 403 2826 sese
427 2766 569 2826 dominum
590 2765 701 2825 fecisse
723 2765 863 2826 lacertae.

264 2849 404 2909 Plurimus
427 2848 476 2909 lric
496 2867 589 2928 aeger
611 2851 730 2908 moritur
749 2848 912 2927 uigiland03
935 2850 989 2912 sed
1011 2849 1104 2928 ipsum

221 2933 403 3012 languorem
424 2935 540 3012 peperit
563 2933 644 2994 cibus
663 2933 853 3013 imperfectus
877 2942 906 2994 et
923 2933 1048 2996 haerens

222 3016 344 3076 Ardenti
364 3016 529 3088 stomacbo;
551 3036 616 3080 nam
637 3037 712 3098 qnae
732 3019 880 3080 meritoria
900 3036 1029 3082 somnum

221 3097 401 3161 Admittunt?
421 3103 532 3179 magnis
552 3103 656 3181 opibus
678 3103 815 3164 dormitur
837 3105 865 3162 in
884 3104 967 3166 urbe.
1161 3111 1212 3166 adt

222 3185 292 3246 Inde
316 3195 401 3264 ceput
420 3185 530 3256 morbi;
550 3187 684 3248 redarum
707 3189 842 3248 transitus
864 3196 928 3250 arto

221 3269 360 3329 Virorum
379 3270 487 3331 inflexu
508 3280 538 3332 et
558 3274 659 3333 stantis
680 3273 812 3334 convIcia
833 3271 969 3334 mandrae

221 3352 355 3433 Eripient
376 3373 506 3416 somnum
525 3354 622 3416 Druso
643 3357 800 3435 vitulisque
820 3358 945 3416 marinis.
1016 3429 1019 3434 Ι

223 3438 254 3498 Si
276 3447 364 3498 vocat
386 3440 530 3518 cilicium,
551 3440 634 3502 turbe
657 3441 781 3502 cedente
803 3440 927 3501 vebetur

223 3519 312 3581 Dives
334 3531 364 3582 et
385 3523 493 3602 ingenti
516 3535 614 3586 curret
632 3543 721 3604 super
744 3542 795 3586 ora
814 3524 949 3602 liburno,
1160 3528 1210 3584 240
