2552 4028
496 302 621 351 saman
642 303 676 350 u.
1037 289 1077 352 25

85 442 212 505 Frivola.
260 443 345 518 Quod
366 460 452 521 quum
474 443 512 504 ita
534 444 587 518 sit,
612 451 641 502 tn
664 439 815 504 Gaetulum
840 438 1035 517 Ganymedem

85 528 227 606 Respice,
252 545 338 606 quum
358 528 449 588 sities.
494 525 598 586 Nesoit
617 535 660 586 tot
691 524 806 588 milibus
830 535 944 604 emptus
1044 536 1079 590 fio

85 610 265 690 Pauperibus
287 612 412 672 miseere
435 628 523 690 puer:
545 610 600 671 sed
622 609 734 686 forma,
758 608 811 670 aed
833 618 914 670 aetas

84 696 179 772 Digna
204 694 377 772 supercilio:
406 695 520 775 quando
545 694 582 756 ad
604 703 634 754 te
658 694 793 772 pervenit
815 689 889 754 ille?

84 778 207 854 Quando
231 789 351 858 rogatus
372 779 456 840 adeat
478 778 591 840 calidae
614 777 791 856 gelidaeque
811 773 963 836 minister?

84 862 203 942 Quippe
225 863 389 942 indignatur
412 865 506 923 veteri
529 880 636 941 parere
660 861 770 938 clienti,

83 946 229 1025 Quodque
252 947 360 1026 aliquid
382 962 506 1026 poseat,
530 955 559 1006 et
580 946 658 1024 quod
682 964 715 1006 se
739 953 833 1006 stante
856 942 1020 1006 reoumbas.
1044 955 1078 1009 66

70 1020 208 1106 maxima
231 1049 364 1110 quaeque
387 1031 489 1091 domus
512 1031 607 1090 servis
630 1038 677 1090 est
700 1028 786 1109 plena
809 1022 971 1108 superbis]

83 1115 166 1176 ldooe
188 1115 261 1175 alius
284 1123 391 1193 quanto
415 1115 550 1194 porrexit
571 1131 715 1174 murmure
739 1131 843 1193 panem

82 1200 141 1260 Vix
163 1199 301 1276 inactum,
325 1198 438 1261 solidae
461 1200 517 1259 iam
539 1197 654 1258 mucida
675 1197 766 1259 inusta
788 1197 910 1273 farinae,

84 1283 168 1358 Quae
189 1285 345 1361 genuinum
368 1285 495 1362 agitent,
518 1298 577 1342 non
599 1281 778 1353 admittentia
801 1298 944 1342 morsum:

83 1368 145 1429 Sed
168 1377 253 1428 tener
274 1377 304 1428 et
325 1369 429 1430 niseus
452 1366 592 1446 mollique
614 1365 728 1443 siligine
752 1365 846 1427 iaetus
1045 1369 1081 1428 io

83 1453 224 1513 Servatur
247 1452 386 1522 domino„
417 1451 558 1512 Dextram
581 1448 722 1510 oolnihere
743 1457 907 1517 memento:

83 1536 172 1598 Salva
194 1537 232 1596 sit
253 1544 387 1616 artoptae
409 1533 592 1596 reuerentia!
621 1533 699 1612 linge
721 1543 817 1594 tamen
840 1541 869 1592 te
945 1529 958 1610 j

82 1619 300 1700 Improbulum‚
325 1628 462 1700 superest
484 1619 545 1678 illio
566 1618 615 1695 qui
638 1633 749 1696 ponere
771 1623 876 1692 cogat:

82 1705 137 1765 Vis
159 1713 190 1763 tu
211 1704 360 1764 eonsuetia
382 1702 476 1764 audax
500 1701 623 1762 eonuiva
647 1700 779 1761 oanistria

82 1785 204 1866 lmpleri
228 1787 370 1867 panisque
393 1786 433 1846 tui
455 1786 575 1846 novisse
600 1779 809 1845 eolorem‘l—
1045 1789 1079 1846 to

83 1859 207 1935 Seilioet
227 1871 286 1933 hoo
307 1871 423 1946 inerat,
445 1878 569 1949 propter
592 1869 671 1946 quod
694 1884 786 1946 saepe
807 1866 911 1928 aeliota

85 1954 219 2034 Coniuge
242 1974 298 2035 per
318 1963 444 2016 montem
469 1954 624 2016 adversum
644 1951 818 2032 gelidasque
842 1951 956 2012 ouourri

84 2039 251 2119 Esquilias,
274 2039 415 2101 fremeret
435 2057 526 2101 saeva
548 2054 634 2117 quum
655 2036 797 2116 grandine
819 2053 927 2096 vernus

83 2125 216 2204 luppiter
238 2133 269 2185 et
290 2123 379 2185 multo
403 2122 527 2185 stillaret
547 2120 673 2200 paenula
695 2119 862 2181 nimbol*

83 2208 215 2288 Appiae,
237 2225 323 2289 quam
346 2207 435 2286 longo
459 2206 604 2269 distendat
627 2212 751 2285 peotore
773 2204 900 2279 lanoem,
1044 2211 1082 2265 80

84 2292 169 2369 Quae
192 2292 284 2354 iertur
307 2293 423 2353 domino
446 2290 568 2370 squilla,
595 2298 627 2350 et
648 2287 754 2368 quibua
776 2287 903 2365 undique
927 2294 1010 2366 septa

84 2375 264 2456 adsparsum,
289 2394 346 2455 qua
366 2375 512 2453 deapioiat
533 2373 666 2434 eonuivia
688 2370 792 2447 oauda,

82 2462 158 2523 Dum
187 2463 269 2524 venit
305 2458 418 2522 excelsi
443 2456 574 2539 manibus
596 2454 710 2516 sublata
730 2453 868 2513 ministri:

85 2546 146 2608 Sed
168 2544 220 2606 tibi
242 2544 359 2606 dimidio
385 2541 560 2603 eonstriotua
583 2556 744 2600 cammarus
767 2553 824 2597 ovo

84 2629 206 2693 Ponitur
226 2629 334 2708 exigua
356 2625 458 2688 ionalis
482 2641 575 2686 eoena
598 2622 718 2703 patella.
1025 2626 1082 2704 ¹85

84 2715 155 2794 lpse
179 2712 347 2775 Venairano
369 2713 482 2792 pisoem
504 2709 665 2788 perfundit:
690 2706 804 2780 ethio,
826 2704 874 2782 qui
1083 2728 1085 2732 ·

84 2798 215 2860 Pallidus
238 2797 362 2860 affertur
378 2796 485 2858 misero
508 2794 559 2855 tibi
583 2793 693 2869 oaulis,
720 2788 812 2853 oleltit

85 2883 272 2951 lanternam
295 2881 366 2943 illud
391 2881 466 2941 enim
489 2879 595 2939 uestris
618 2877 701 2937 datur
725 2874 867 2952 alveolis,
889 2873 967 2953 quod

87 2964 188 3027 Canna
209 2965 395 3045 llioipsarum
417 2980 506 3044 prora
528 2961 663 3023 subvexit
685 2968 780 3028 aauta;

85 3051 214 3130 Propter
233 3051 311 3130 quod
333 3049 445 3110 Romae
467 3065 531 3109 oum
550 3046 685 3107 Boeoare
709 3059 794 3104 nemo
815 3042 937 3118 lavatur,
1047 3050 1082 3104 90

88 3134 188 3216 {Quod
211 3144 288 3196 tutos
314 3135 400 3194 etiam
422 3133 492 3195 iaeit
513 3150 530 3194 a
552 3129 738 3210 serpentibus
762 3126 856 3206 atris]

87 3215 195 3280 llullus
218 3220 272 3280 erit
296 3218 421 3294 domini,
445 3233 531 3296 wem
552 3216 628 3276 misit
651 3210 789 3287 Gorsioa,
811 3208 861 3270 vel
883 3224 970 3288 quem

88 3303 351 3365 Tauromenitanae
373 3319 481 3381 rupes,
504 3299 619 3381 quando
644 3314 729 3358 omne
751 3303 901 3374 peractum
925 3300 994 3374 est·

87 3386 126 3448 Et
147 3388 203 3449 iam
224 3388 336 3450 deieoit
357 3395 485 3448 nostrum
506 3402 603 3461 mare,
624 3382 691 3443 dum
713 3379 782 3457 gula
799 3377 910 3453 saevit,

88 3471 212 3533 fletibus
236 3472 360 3534 assiduis
384 3470 498 3549 penitus
521 3475 669 3529 semtante
695 3460 820 3524 maeello
1046 3470 1081 3523 95

90 3555 240 3635 Proxima,
263 3575 320 3618 nee
340 3555 463 3635 patimur
484 3551 664 3628 Tyrrhenum
688 3564 826 3610 oreseere
847 3545 967 3625 piseem.
