2592 4022
520 267 556 314 D.
578 266 651 314 mut.
673 263 860 314 mvunams

507 565 853 634 SATIRAXVI.

183 702 943 891 liranus‚sillitanasiro

183 901 231 963 lla
254 896 388 977 pauidum
410 897 538 975 excipiat
563 899 687 957 tironem
711 905 796 976 porta
821 895 951 956 secundo

184 985 298 1056 Sidere.
338 980 408 1041 Plus
432 981 538 1041 etenim
560 980 613 1042 iati
636 979 716 1040 ualet
737 980 810 1041 lrora
834 979 963 1058 benigni,

184 1069 278 1143 Quam
299 1065 324 1124 si
346 1080 401 1140 nos
418 1063 544 1125 Veneris
565 1064 748 1125 commendet
770 1064 895 1142 epistola
917 1063 1000 1126 llarti
1155 1075 1173 1130 a

182 1151 221 1212 lit
244 1149 339 1211 Samia
366 1149 502 1226 genetrix
524 1167 599 1227 quae
624 1148 788 1209 delectatur
811 1164 909 1209 arena.

226 1230 384 1295 Commoda
408 1240 567 1291 tractemus
590 1234 711 1310 primum
734 1233 914 1309 communia,
942 1249 1063 1312 quorum

182 1317 265 1380 Haud
291 1315 434 1375 minimum
455 1314 527 1377 illud
549 1315 621 1390 erit,
643 1333 681 1375 ue
701 1325 732 1377 te
755 1315 875 1395 pulsare
894 1326 1011 1395 togatus

182 1401 315 1476 Audeat,
337 1399 423 1458 immo
447 1407 492 1476 et,
515 1399 541 1458 si
564 1399 712 1478 pulsetur,
735 1399 897 1461 dissimulet
917 1419 973 1462 uec

183 1485 299 1547 Audeat
323 1499 467 1544 excussos
488 1484 618 1562 praetori
641 1481 799 1544 ostendere
824 1483 927 1545 dentes
1137 1500 1171 1552 1o

182 1570 220 1632 lit
241 1570 351 1648 nigram
377 1568 406 1628 in
427 1567 504 1628 lacis
526 1566 641 1628 tumidis
665 1567 805 1629 livoribus
831 1568 917 1630 offam

182 1655 281 1734 Atque
303 1651 418 1713 oculum
440 1651 554 1712 medico
577 1651 618 1712 uil
642 1652 827 1730 promittente
849 1654 993 1714 relictum.

182 1737 341 1800 Bardaicus
364 1734 451 1795 iudex
473 1734 555 1796 datur
579 1735 653 1796 lracc
675 1738 778 1815 punire
798 1737 919 1814 volenti,

183 1819 311 1883 calceus
335 1828 366 1879 et
386 1818 513 1898 grandes
533 1837 635 1897 magna
657 1820 693 1880 ad
717 1818 857 1881 subsellia
881 1839 979 1899 surae,

181 1904 309 1985 Legibus
333 1905 457 1982 antiquis
480 1913 640 1965 castrorum
662 1913 692 1964 et
712 1919 793 1965 more
817 1901 932 1972 camilli
1137 1918 1171 1972 15

182 1989 323 2064 Servato,
349 1986 433 2048 miles
458 2006 496 2049 uc
521 1987 627 2048 vallum
649 1987 745 2065 litiget
769 1996 852 2050 extra

181 2072 220 2138 lit
245 2070 350 2152 procul
372 2087 388 2130 a
411 2071 511 2147 signis.
547 2069 706 2132 iustissima
732 2074 930 2133 centurionum

182 2154 318 2235 cognitio
343 2161 388 2213 est
414 2153 503 2230 igitur
526 2153 563 2214 de
584 2153 691 2230 milite,
716 2172 772 2215 nec
794 2156 862 2218 milri
884 2157 978 2219 deerit

181 2238 278 2315 Ultio,
302 2237 327 2297 si
350 2237 444 2298 iustae
467 2237 598 2298 delentur
620 2255 707 2300 cansa
733 2240 898 2319 querellae:

181 2323 256 2385 'l'ota
280 2320 388 2383 colrors
411 2330 506 2382 tameu
529 2331 576 2382 est
597 2322 726 2400 inimica,
751 2341 911 2406 omnesque
932 2327 1049 2408 manipli
1133 2339 1171 2394 to

182 2405 335 2470 consensu
360 2423 466 2484 magno
488 2406 633 2483 alliciunt,
657 2406 795 2468 curabilis
818 2417 848 2469 ut
871 2413 909 2471 sit

182 2491 315 2554 lliudlcta
337 2495 367 2552 et
387 2491 507 2569 qrador
528 2507 614 2572 quam
636 2491 746 2553 iuiuria.
781 2491 906 2571 Dignum
932 2496 987 2557 erit
1010 2513 1082 2574 erpo

181 2574 394 2638 Declamatorls
415 2573 523 2636 mulino
546 2573 637 2636 corda
657 2575 785 2654 Vagelli,

181 2660 276 2734 Quum
297 2659 355 2720 duo
377 2675 462 2720 crura
483 2658 613 2736 habeas,
640 2659 793 2722 olieudere
817 2668 861 2721 tot
884 2662 1012 2741 caligas,
1038 2671 1082 2725 tot

179 2741 260 2804 ililia
296 2741 454 2803 clavorum.
493 2742 565 2816 Quis
591 2751 648 2804 tam
670 2744 775 2821 procul
800 2744 877 2806 absit
897 2746 933 2808 ab
958 2746 1031 2807 urbs
1132 2759 1170 2816 aa

181 2823 354 2903 Praeterea,
382 2826 446 2905 quis
469 2833 525 2885 tam
547 2825 689 2904 Pylades,
711 2825 817 2888 molem
840 2834 956 2910 aggeris
979 2831 1052 2894 ultra

179 2909 218 2973 Ut
238 2907 358 2972 venisti
381 2908 519 2970 lacrimae
542 2911 689 2971 siccentur
710 2914 857 2996 protinus,
881 2925 966 2978 etse

179 2993 381 3056 Excusatums
402 3011 460 3056 uou
484 2993 677 3057 sollicitemus
700 2999 820 3058 amicos.

179 3079 223 3140 lla
244 3087 369 3158 testem,
394 3078 483 3140 iudex
507 3097 592 3159 quum
618 3080 738 3160 dixerit,
767 3080 871 3146 audeat
891 3082 944 3145 illc

177 3162 288 3225 Nescio
315 3164 399 3244 quis,
422 3180 537 3243 pugnos
560 3166 607 3243 qui
631 3165 717 3243 vidit,
741 3165 858 3229 dicere:
882 3167 955 3228 ridi:
1130 3178 1169 3240 aa

177 3247 216 3308 lit
241 3247 357 3310 credam
379 3247 495 3326 dignum
517 3247 608 3310 barba
633 3248 808 3331 dignumque
831 3251 945 3331 capillis

177 3330 328 3394 llalorum.
368 3328 459 3392 citius
481 3332 586 3394 falsum
608 3334 775 3413 producere
797 3345 903 3397 testem

180 3412 288 3478 Goutra
310 3434 455 3496 paganum
479 3419 594 3495 possis,
616 3436 701 3497 quam
724 3437 795 3480 vcra
818 3420 987 3498 loquentem

179 3495 287 3560 Ooutra
312 3499 454 3561 iortuuam
476 3503 576 3562 armati
600 3511 759 3582 contraque
786 3503 936 3582 pudorem.
