2592 4022
238 251 279 312 62
540 303 543 309 ,
570 261 606 306 u.
629 253 700 306 run.
724 260 911 308 mvuunms

237 400 389 464 Pascendi.
423 399 499 473 Quid
523 416 605 476 agam
630 398 729 458 bruma
751 397 899 476 spirante?
925 400 1008 479 quid,
1033 418 1099 478 oro,

238 485 314 560 Quid
336 484 430 544 dicam
455 484 584 562 scapulis
607 499 763 562 puerorum
785 482 923 561 aquilone
945 482 1107 545 Decembri

237 569 275 630 Et
297 565 441 647 pedihus?
463 568 564 628 durate
588 576 674 645 atque
695 575 868 644 exspectate
892 566 1030 628 cicadas?

237 654 362 728 Verum,
386 661 417 712 ut
439 651 619 727 dissimules,
646 658 676 709 ut
697 651 792 709 mittas
816 660 932 726 cetera,
957 662 1062 730 quanto
1198 664 1231 720 to

236 737 348 797 lletiris
369 737 481 814 pretio,
505 733 598 815 quod,
621 735 650 792 ni
671 733 723 792 tihi
745 732 859 793 deditus
883 736 978 795 e'ssem

237 820 428 899 Devotusque
452 819 560 894 cliens,
585 834 659 877 uxor
680 826 729 876 tua
749 819 833 894 virgo
858 817 1008 879 maneret?

238 906 304 966 Scis
327 913 425 980 certe,
453 902 556 982 quibus
581 903 635 960 ista
658 900 766 976 modis,
790 919 874 979 quam
898 920 988 981 saepe
1011 908 1130 983 rogaris

237 989 275 1049 Et
297 1007 372 1068 quae
395 987 554 1065 pollicitus.
590 984 760 1064 Fugientem
782 1003 872 1065 saepe
894 986 1021 1064 puellam

238 1073 384 1150 Amplexu
408 1072 506 1149 rapni;
528 1068 642 1131 tabulas
664 1083 780 1149 quoquc
803 1078 922 1149 ruperat
945 1081 974 1131 et
995 1073 1050 1132 iam
1197 1086 1229 1142 75

239 1155 393 1234 Signabat3
422 1164 483 1213 tota
507 1155 556 1213 vix
581 1154 639 1214 hoc
661 1169 719 1230 ego
746 1163 832 1213 nocte
854 1155 980 1230 redemi,'
1192 1159 1196 1167 '

238 1238 281 1299 ‘l'e
311 1239 444 1317 plorante
467 1237 553 1296 loris:
595 1237 679 1295 testis
700 1235 768 1296 milri
793 1236 917 1298 lectulus
940 1248 970 1298 ct
990 1249 1032 1316 tn,

238 1323 284 1383 Ad
308 1340 394 1401 quem
418 1321 553 1400 pervenit
573 1319 643 1379 lecti
667 1337 756 1380 sonus
778 1330 808 1380 et
830 1321 962 1382 dominae
983 1341 1052 1383 vox.

238 1404 378 1466 Instabile
400 1423 436 1464 ac
458 1403 551 1463 dirimi
572 1413 707 1482 coeptum
733 1412 762 1464 et
782 1406 839 1465 iam
863 1423 957 1484 paene
980 1407 1106 1467 solutum

240 1488 412 1567 Coniugium
433 1489 462 1548 in
483 1487 578 1547 multis
603 1487 734 1548 domibus
756 1487 883 1548 servavit
905 1490 1026 1550 adulter.
1196 1504 1230 1558 8⁰

240 1573 305 1648 Quo
327 1581 356 1633 te
380 1568 583 1650 circumagasl
605 1590 680 1650 quae
703 1573 794 1650 prima
814 1582 862 1632 ant
879 1574 981 1634 ultima
1001 1573 1119 1653 ponas?

238 1657 354 1718 Nullum
379 1674 452 1736 ergo
476 1658 609 1716 meritum
632 1664 694 1732 est,
720 1657 832 1732 ingrate
857 1658 1041 1736 acperllde,
1064 1661 1186 1737 nullum,

240 1742 326 1817 Quod
347 1741 400 1801 tihi
423 1739 530 1801 liliolus
551 1740 601 1800 vel
623 1740 681 1801 lilia
705 1741 834 1800 nascitur
856 1759 894 1800 ex
915 1740 982 1802 mel

239 1826 332 1887 Tollis
359 1826 435 1885 enim
458 1834 488 1885 et
509 1823 591 1885 libris
615 1833 745 1884 actorum
767 1843 909 1903 spargere
932 1826 1043 1904 gaudes

238 1909 420 1988 Argumenta
437 1909 501 1968 viri.
533 1905 658 1968 Fetibus
683 1909 830 1987 suspende
853 1926 988 1986 coronas,
1197 1922 1229 1978 85

238 1994 298 2055 lam
320 2002 405 2072 pater
428 2011 477 2052 es:
500 1991 647 2067 dedimus,
673 1991 750 2070 quod
774 1993 866 2054 lamae
889 2011 1041 2074 opponere
1059 1997 1179 2073 possim

239 2077 303 2138 lura
324 2076 454 2154 parentis
476 2074 585 2150 habes,
609 2084 731 2153 propter
753 2095 798 2136 me
825 2078 963 2138 scriberis
986 2077 1086 2155 heres,

238 2160 378 2238 Legatum
400 2176 484 2220 omne
504 2160 601 2238 capis,
622 2177 679 2218 nec
699 2178 757 2220 non
781 2170 810 2220 et
833 2162 919 2223 dulce
943 2162 1091 2223 caducum.

240 2241 400 2304 Commoda
423 2252 577 2322 praetcrea
600 2244 754 2321 iungentur
775 2245 862 2306 multa
885 2247 1013 2323 caducis,

240 2329 271 2388 st
293 2345 454 2402 numerum,
479 2329 504 2387 si
524 2335 585 2387 tres
608 2328 804 2407 implevero.“
844 2328 921 2390 lusta
942 2330 1063 2405 doloris,
1199 2343 1230 2397 9⁰

239 2410 388 2487 Naevolc‚
413 2429 500 2472 causa
523 2412 577 2480 tui;
606 2421 707 2473 contra
729 2422 824 2474 tamen
846 2414 898 2474 ille
920 2414 988 2493 quid
1008 2412 1113 2476 alfertl

282 2494 446 2574 „Ncglcgit
461 2505 549 2574 atque
569 2495 655 2557 alium
678 2497 815 2576 bipedem
837 2498 893 2557 sibi
916 2500 1028 2578 quaerit
1050 2499 1190 2562 asellum.

239 2580 321 2641 llaec
346 2580 403 2640 soli
427 2581 580 2639 commissa
602 2580 655 2640 tibi
678 2581 777 2641 celare
801 2592 955 2659 memento,

239 2663 277 2723 Et
299 2664 404 2724 tacitus
426 2672 544 2723 nostras
563 2664 635 2723 intra
657 2672 686 2723 te
710 2665 768 2742 lige
792 2667 952 2743 querellas;

239 2746 313 2807 Nam
334 2765 384 2805 res
405 2746 555 2806 mortifera
580 2755 626 2805 est
651 2747 783 2808 inimicus
804 2751 918 2828 pumice
941 2750 1025 2811 levis.
1199 2762 1230 2817 95

240 2829 297 2904 Qui
319 2829 406 2890 modo
429 2838 575 2889 secretum
597 2832 794 2909 comminemt‚
818 2835 901 2895 ardet
920 2845 950 2895 et
972 2834 1042 2910 odit,

241 2914 397 2994 Tamquam
418 2908 611 2993 prodiderim,
636 2915 774 2995 quidquid
796 2919 869 2979 scio.
907 2919 1029 2979 Sumere
1051 2918 1175 2996 terrun,

239 2997 328 3059 Fuste
354 2999 470 3076 aperire
494 3007 595 3078 caput,
621 2999 771 3061 candelam
795 3020 947 3082 apponere
970 3001 1063 3063 valvis

239 3082 305 3143 Non
328 3081 452 3152 dubitat;
480 3100 536 3142 uec
560 3092 726 3145 contemnas
749 3094 797 3145 ant
818 3085 982 3166 despicias,
1011 3086 1089 3165 quod

240 3166 292 3227 llis
312 3165 417 3245 opibus
439 3185 592 3246 numquam
618 3186 686 3228 cara
706 3178 751 3228 est
772 3188 884 3232 annona
906 3172 1021 3233 veneni.
1183 3183 1231 3236 10⁰

240 3251 322 3329 Ergo
345 3250 461 3311 occulta
483 3260 585 3329 teges,
606 3261 636 3311 ut
658 3252 737 3313 curia
755 3252 855 3314 Martis
876 3253 1034 3316 Athenis.“

242 3333 266 3393 0
288 3332 444 3412 Corydon,
472 3333 626 3412 Corydon,
650 3346 796 3398 secretum
820 3339 916 3399 divitis
940 3338 1028 3400 ullum

241 3417 317 3477 Esse
339 3416 448 3496 putas?
476 3422 554 3480 servi
576 3429 607 3481 ut
628 3428 761 3498 taceant,
788 3423 914 3484 iumenta
936 3424 1101 3501 loquentur,

240 3500 279 3561 llt
301 3502 379 3560 canis
400 3511 430 3562 et
450 3513 552 3581 postes
575 3513 605 3564 et
626 3521 776 3565 marmora.
812 3505 924 3568 Claude
944 3507 1100 3582 fenestras,
