2552 4028
450 295 577 345 sumna
596 297 642 345 vr.
1024 289 1065 352 3³

71 437 173 518 deque
195 436 298 497 eadem
324 436 423 498 soroia
444 434 541 496 Niobe
564 437 720 498 leoundior
739 437 815 510 alba.

72 522 160 597 Quae
183 520 254 582 tanti
274 521 421 599 grauitas,
444 538 520 601 quae
542 521 652 597 dorma,
677 531 707 582 nt
729 540 762 582 sa
777 523 836 594 tihi
858 541 976 604 semper

71 601 222 684 Imputat?
244 603 328 665 huius
350 606 424 666 enim
446 606 506 665 rari
526 607 686 684 summique
707 605 844 685 voluptas

72 688 161 751 Nulla
187 688 272 765 honi,
300 690 416 767 quoties
438 691 533 750 animo
560 701 697 770 corrupta
719 690 847 769 superbo
1015 704 1068 760 180

72 773 143 834 Plus
175 772 257 834 aloes
291 790 377 851 quam
397 773 492 833 mellis
515 772 613 834 habet.
655 774 726 849 Quis
749 775 863 835 deditus
886 786 981 837 sutem

71 857 176 936 Usque
198 855 272 917 adeo
298 865 361 932 est,
388 865 497 917 utnon
520 857 616 936 illam,
642 876 726 939 quam
748 855 884 920 laudibus·
906 861 1002 938 effert,

71 941 202 1001 llorraat
220 940 308 1019 inque
330 941 406 1001 diem
427 942 559 1021 septenis
581 942 676 1004 oderit
700 940 804 1003 horis?

73 1024 224 1099 Quaedam
245 1041 336 1104 parva
356 1024 491 1104 quidem,
514 1025 568 1086 sed
589 1036 648 1086 non
667 1024 820 1090 toleranda
841 1025 960 1088 maritis.

72 1108 148 1170 Nam
170 1108 238 1187 quid
260 1108 422 1186 rancidius,
446 1127 531 1190 quam
551 1111 630 1192 quod
654 1129 687 1171 sa
708 1128 766 1171 non
788 1119 868 1191 putat
890 1111 949 1172 ulla
1015 1121 1066 1177 185

72 1192 259 1268 Formosam,
284 1193 340 1253 nisi
365 1211 441 1272 quae
464 1194 500 1254 de
523 1192 619 1256 Tusoa
642 1193 787 1257 Graeonla
809 1196 886 1257 lacta
909 1206 964 1273 est,

72 1277 119 1338 De
141 1277 326 1339 Sulmonensi
347 1295 427 1338 mera
448 1275 612 1357 cecropis?
635 1281 731 1339 omnia
752 1297 873 1358 graece,
990 1289 995 1298 “

74 1359 169 1435 Quum
190 1361 228 1421 sil
247 1369 332 1440 turpe
353 1361 446 1439 magis
469 1363 577 1423 nostris
596 1363 713 1424 nescire
735 1363 832 1424 latine.

72 1444 139 1505 lloo
160 1460 297 1506 sermone
321 1455 444 1524 pavent,
467 1446 525 1507 lroe
545 1448 635 1522 iram,
657 1445 779 1524 gardim
800 1447 899 1524 'ouran

71 1528 139 1589 Idoo
159 1537 262 1590 onnota
283 1529 432 1590 effundunt
453 1531 538 1591 animi
559 1539 691 1591 secreta:
715 1532 784 1608 quid
806 1529 901 1592 ultra?
1015 1541 1067 1598 190

74 1610 276 1674 Gonoumhunt
297 1631 417 1690 graece.
450 1613 551 1674 Dones
573 1621 670 1673 tamen
690 1615 746 1674 ista
767 1615 890 1692 puellis:
1030 1615 1032 1620 '

72 1697 156 1756 Tune
178 1696 279 1771 etiam,
302 1712 389 1775 quam
411 1705 512 1757 sextus
535 1706 564 1756 et
587 1699 785 1774 octogesimus
810 1717 900 1759 annus

70 1779 188 1855 Pulsst,
212 1779 305 1840 adhue
327 1776 459 1856 graeeei
480 1797 538 1840 non
561 1789 607 1841 est
627 1781 676 1841 lrio
698 1799 793 1844 sermo
816 1782 939 1862 pudieus

70 1864 106 1924 ln
129 1862 239 1922 vetula.
277 1861 403 1936 Quoties
427 1863 567 1928 lascivum
590 1865 746 1926 intervenit
768 1864 838 1928 illud

74 1939 144 2026 Ζωὴ
165 1943 218 2007 nol
240 1939 338 2026 ψυχή,
360 1946 448 2009 modo
470 1949 524 2009 sub
547 1944 645 2010 lodioe
666 1950 779 2010 reliotis
1013 1964 1064 2018 195

70 2031 171 2093 Uteris
193 2031 222 2090 in
240 2029 339 2101 turba;
353 2032 442 2111 duod
465 2033 540 2093 enim
563 2033 622 2093 uon
645 2037 755 2095 excitet
776 2035 884 2114 inguen
1055 2094 1058 2103 ,

70 2116 140 2179 Vox
162 2112 269 2178 blanda
292 2123 322 2175 et
342 2115 487 2196 aequam?
510 2118 618 2197 digitos
640 2118 743 2188 haben
766 2129 798 2179 ut
816 2128 913 2182 tamen
931 2137 1032 2182 omnes

72 2198 230 2262 Subsident
259 2200 379 2278 pinnae,
402 2202 483 2264 dieas
502 2201 578 2263 haee
600 2202 717 2263 mollius
736 2201 846 2264 llaemo

72 2284 252 2363 Quamquam
275 2292 305 2344 et
326 2281 537 2366 Carpophoro,
564 2284 657 2347 iacies
678 2297 727 2348 tua
750 2297 898 2367 computat
919 2306 1021 2352 annos

115 2367 147 2428 Si
172 2367 225 2428 tibi
247 2367 384 2445 legitimis
405 2378 520 2448 pactam
541 2370 726 2448 iunctamque
748 2369 865 2431 tabellis
967 2383 970 2390 '
1013 2387 1065 2438 noo

72 2451 193 2514 Nonas
218 2459 378 2528 amaturus,
403 2451 528 2512 ducendi
550 2453 628 2512 nulla
652 2452 768 2513 videtur

73 2533 188 2612 cansa,
213 2553 270 2596 neo
292 2543 340 2595 est
378 2553 470 2616 quare
494 2552 616 2596 coenam
640 2545 670 2596 et
690 2544 839 2598 mustacea
862 2539 970 2618 perdas

71 2615 199 2682 labente
223 2619 322 2680 oldoio
346 2618 443 2680 orodis
469 2619 618 2699 donanda,
641 2639 697 2682 neo
720 2620 802 2700 illud,

71 2703 158 2778 Quod
182 2705 273 2782 prima
294 2720 348 2782 pro
371 2714 458 2765 noete
482 2705 582 2784 datur,
605 2715 691 2786 quum
714 2706 798 2768 lanae
820 2705 907 2770 beata

69 2787 197 2850 Dacians
219 2796 249 2848 et
270 2789 381 2867 soripto
400 2789 495 2850 radiat
515 2789 703 2852 Germanicus
725 2808 806 2853 auro.
1012 2806 1064 2862 205

71 2873 104 2934 Si
127 2871 179 2932 tibi
200 2870 371 2952 simplicitas
392 2874 511 2951 uxoria,
535 2873 648 2937 deditus
670 2877 718 2936 nni

69 2954 127 3018 Est
147 2957 273 3034 animus,
297 2958 439 3018 summitte
462 2967 549 3037 eaput
573 2962 689 3022 nervice
713 2970 813 3040 parata

69 3038 163 3102 Ferre
185 3040 299 3119 iugum;
322 3041 429 3102 nullam
451 3042 599 3121 invenies,
622 3061 697 3124 quae
719 3055 820 3123 pareat
844 3048 957 3109 amanti.
1052 3108 1055 3116 ,

69 3123 183 3184 Ardent
204 3127 269 3205 ipsa
289 3124 375 3202 lieet,
401 3129 552 3187 tormentis
574 3130 683 3206 gaudet
705 3132 824 3190 amantis

69 3206 109 3269 Et
129 3209 250 3288 spoliis;
274 3209 363 3287 igitur
385 3209 474 3288 longe
498 3213 591 3273 minus
612 3214 690 3273 utilis
714 3213 756 3274 illi
1009 3224 1063 3278 ²1⁰

70 3291 171 3370 Uxor,
196 3293 325 3373 quisquis
351 3294 405 3353 erit
427 3294 521 3356 bonus
545 3298 748 3376 optandusque
771 3299 899 3359 maritus.

69 3374 118 3436 Nil
139 3395 272 3457 umquam
296 3377 383 3437 invita
405 3375 527 3439 donabis
554 3384 695 3460 coniuge,
720 3381 832 3442 vendes

69 3459 132 3521 llas
153 3461 288 3522 obstante
310 3459 397 3540 nihil,
421 3462 507 3541 nihil,
531 3465 607 3526 haee
629 3466 654 3524 si
673 3463 770 3543 nolet,
795 3471 920 3537 emotum

70 3543 151 3604 llaeo
171 3545 250 3606 dabit
272 3546 411 3622 affectus,
435 3545 486 3607 ille
511 3550 684 3611 excludatur
705 3549 813 3611 amiens

111 3647 167 3689 mv.
188 3649 249 3690 sar.
872 3633 892 3694 3
