2552 4028
478 232 605 282 saulus
627 234 689 282 vu.

82 368 265 450 Componis,
287 369 362 431 dona
383 369 524 446 Veneris,
548 369 705 448 Telesina,
729 374 847 443 marium

79 456 143 516 Aut
169 453 273 514 alaude
296 462 326 515 el
346 455 460 533 positos
481 456 559 516 linos
584 456 728 536 perluude
752 456 880 521 libellus.

80 538 202 616 Frange
222 536 311 597 miser
332 537 460 599 osismos
481 538 659 618 vigilataque
681 537 795 618 proelia
818 540 897 618 deis,

81 623 141 697 Qui
163 621 238 683 iaeis
259 622 290 680 in
310 638 405 699 parva·
421 622 556 692 sublimia
576 623 701 690 earmina
724 623 811 699 aella,

79 706 121 767 Ut
145 706 250 784 dignus
270 705 372 766 venias
394 705 512 766 hederis
536 715 566 767 ol
585 707 708 784 imagine
730 724 837 767 msera.

81 790 163 869 Spes
185 787 263 849 nulla
285 789 420 859 ultoriam
444 790 545 859 didioiu
565 792 624 858 iarn,
640 791 723 853 dives
743 808 848 858 avarus

81 873 207 936 Tantum
228 872 378 950 admirari,
400 881 506 943 tanum
528 873 649 939 laudare
671 875 810 950 baerna,
895 933 898 940 .

80 957 122 1018 Ut
141 957 225 1037 pueri
244 955 363 1016 Iunonis
386 975 479 1028 nvem.
524 957 583 1020 Sed
605 957 705 1019 defluit
726 967 807 1024 aetas

79 1039 121 1102 Et
140 1040 240 1120 pelagi
261 1042 376 1119 patiens
398 1049 428 1101 si
448 1041 571 1107 cassidis
593 1050 680 1120 alque
702 1041 819 1118 ligonis.

80 1124 196 1186 Taedia
218 1132 287 1184 tune
309 1123 434 1196 subeunt
455 1125 584 1200 arumna,
604 1133 673 1186 huno
695 1143 791 1204 saque
812 1141 951 1205 suamque

81 1207 304 1287 Terpsichoren
327 1209 387 1273 odil
408 1208 532 1278 facunda
554 1217 583 1273 et
607 1209 682 1274 nude
702 1217 848 1280 sensatus.

123 1290 242 1371 moeipe
265 1308 339 1352 nnnc
362 1301 457 1368 aries,
480 1307 517 1351 ne
540 1292 609 1371 quid
632 1292 924 1369 abhominatione,

81 1375 180 1460 Qpem
203 1374 276 1436 eolis
315 1384 345 1436 el
364 1374 508 1448 lipsanum
529 1385 559 1440 ei
575 1374 722 1454 Apollinis
745 1377 821 1438 aede
842 1375 956 1438 relioia.

79 1459 153 1538 lpse
173 1458 245 1520 feeit
263 1477 367 1523 versus
388 1469 476 1539 atque
499 1459 548 1520 uni
567 1459 644 1530 audit
664 1459 793 1524 Homero

81 1543 209 1622 Propter
229 1542 309 1604 mille
331 1561 435 1614 annom
455 1552 493 1614 tu
506 1545 531 1606 si
553 1542 708 1612 dulaediua
730 1544 825 1610 ianuae

81 1628 252 1688 Suooensus
271 1629 397 1703 seniles,
417 1627 584 1691 maculosas
606 1627 770 1689 commodat
791 1627 899 1689 aedes:

80 1709 167 1770 Haeo
188 1709 277 1788 louge
298 1710 408 1771 ierrala
431 1709 533 1777 domus
556 1712 669 1772 servire
692 1709 818 1788 iubeam,

81 1795 117 1856 in
139 1811 195 1874 qua
219 1793 360 1855 sollicitas
383 1795 508 1857 imitatur
526 1795 610 1858 ianua
632 1803 743 1874 portas.

81 1879 147 1940 Soit
169 1876 239 1938 dare
260 1877 384 1940 liberios
408 1887 538 1940 erasme
558 1879 589 1940 in
609 1888 692 1959 parta
713 1878 853 1943 sedentes

83 1960 202 2022 Ordinis
219 1969 249 2021 et
271 1980 390 2040 magnas
410 1964 545 2027 eomiium
567 1963 726 2043 disponere
750 1979 858 2032 vooes;

81 2044 178 2106 Nemo
201 2043 280 2107 dabit
300 2064 418 2124 rogum,
442 2048 540 2126 quanti
563 2047 704 2114 subsellia
726 2054 869 2124 pensioni,

82 2128 123 2190 lit
146 2146 220 2207 quae
243 2130 387 2191 eondnolo
410 2131 539 2209 pandent
560 2130 719 2193 anabathra
739 2130 847 2209 tigillo,

83 2212 228 2292 Quaeque
246 2214 433 2294 reportandis
454 2216 551 2293 pesile
572 2225 622 2276 esh
640 2215 792 2278 oreboaira
813 2213 970 2282 cathedris.

82 2296 147 2357 Nos
166 2305 262 2359 tamen
284 2297 342 2358 hoe
364 2299 478 2377 agimus.
496 2299 632 2377 tenuique
653 2299 683 2358 in
703 2298 826 2378 pulvere
852 2297 950 2358 suloos

81 2380 222 2441 Duoimus
242 2389 273 2440 ei
292 2381 360 2440 litus
382 2380 476 2443 sterili
496 2399 648 2450 versamus
671 2391 778 2444 aratro.

81 2462 157 2524 Nam
178 2465 204 2525 si
225 2462 378 2540 disoedas,
402 2463 509 2542 laqueo
530 2472 612 2526 tenet
633 2463 784 2526 ambitiosi·

43 2583 46 2586 ·
84 2545 275 2609 Consuetudo
296 2546 378 2617 mali:
402 2557 483 2613 lensi
503 2547 663 2610 insanabile
682 2547 789 2614 multos

82 2631 238 2700 sonbsnni
261 2631 420 2700 oseooshes
443 2642 473 2694 ei
492 2649 584 2711 aegro
604 2633 633 2694 in
656 2630 747 2694 corde
766 2630 905 2700 asnasuil.

83 2715 145 2777 Sed
166 2725 263 2776 vatem
284 2717 452 2795 egregium,
475 2718 522 2778 oui
543 2735 601 2779 non
623 2716 661 2779 sil
682 2713 905 2794 prohiberem,

85 2799 142 2873 Qui
164 2798 235 2860 nihil
257 2801 423 2879 expositum
446 2801 542 2862 soleat
563 2799 727 2876 deducere,
750 2818 807 2862 noo
827 2799 877 2879 qui

85 2878 237 2943 Communi
254 2883 341 2954 furiat
362 2901 479 2951 sarman
500 2883 759 2961 trundenensis,
1039 2889 1076 2944 bb

84 2965 184 3042 Hune,
208 2965 324 3045 qualern
344 2984 461 3047 nequeo
482 2976 645 3036 monstrare
668 2967 812 3039 alsontia
834 2973 952 3043 sanum,

86 3049 247 3115 amietos
266 3068 370 3124 aurens
393 3053 503 3124 munna
521 3050 606 3129 facil,
630 3051 722 3114 omnis
744 3049 844 3113 aeerbi

86 3133 259 3212 Impatiens,
283 3135 406 3214 cupidus
427 3135 566 3198 silvarum
585 3144 728 3216 aptusque
751 3134 885 3198 bibendis

87 3215 226 3280 Fontibus
246 3216 402 3281 Aonidum.
446 3218 551 3301 Neque
572 3221 647 3287 enirn
670 3228 788 3282 assare
807 3218 861 3287 sub
883 3222 966 3283 anisa

88 3299 183 3365 Pierio
203 3302 390 3384 thyrsumque
411 3311 511 3382 potest
531 3307 702 3384 contingere
723 3312 834 3368 maesia
1041 3307 1077 3363 60

88 3385 245 3468 Paupertas
265 3397 354 3470 alque
373 3391 451 3459 aeris
468 3391 568 3470 inops,
593 3408 650 3470 quo
672 3398 759 3450 noeis
780 3389 887 3468 dieque

91 3468 203 3553 corpus
227 3482 311 3552 eges:
336 3483 414 3536 satur
435 3483 495 3552 ast,
515 3492 602 3554 quum
622 3475 691 3535 diois
711 3471 848 3537 Horalius
871 3469 979 3532 eubos!
