2552 4028
512 315 639 363 suntad
661 316 709 364 lv.

109 454 232 517 Privatie
258 455 368 516 maiora
392 454 484 525 iocie;
507 455 632 533 genialis
658 465 760 534 agatur

108 538 171 600 Inte
190 536 269 612 diee;
290 554 418 618 propera
442 539 622 600 stomachum
644 537 745 600 laxare
765 541 895 619 uaginae,

109 621 147 682 Et
171 629 219 682 tua
240 629 387 684 ramatum
411 639 550 684 consume
569 625 599 684 iu
622 623 733 700 secula„
744 623 894 687 rhombum
902 646 910 698 ;

108 707 178 785 lpse
201 706 267 784 capi
288 705 441 766 noluit-
455 706 530 781 Quid
542 704 692 784 apertius?
711 716 741 769 et
755 717 850 770 tamen
871 709 914 770 illi

109 789 276 867 Surgebant
295 791 419 860 cristam
442 789 513 850 nihil
535 801 580 851 eet
602 790 679 869 quod
703 793 827 854 credere
849 793 886 854 da
910 811 943 855 sc
1068 801 1103 858 to

107 873 175 935 Nou
194 875 305 952 possit,
331 891 418 953 quum
439 874 581 949 laudatur,
603 876 648 937 die
662 893 756 954 aequa
778 885 919 954 potertas.

108 958 169 1020 Sed
195 957 298 1019 deerat
318 958 392 1038 pisci
415 959 530 1036 patinae
551 977 695 1019 mensura.
739 959 890 1021 Vocantur

108 1041 190 1120 Ergo
211 1044 241 1102 iu
263 1041 415 1103 consilium
438 1057 595 1120 proceres,
620 1059 695 1122 quoe
716 1045 819 1105 oderat
843 1044 909 1114 ille;

109 1124 142 1187 Iu
165 1143 287 1204 quorum
309 1127 386 1187 iocie
406 1127 532 1187 miserae
550 1145 732 1207 magnaeque
755 1127 876 1188 sedebat

109 1209 208 1270 Pallor
230 1211 383 1271 amicitiae.
428 1209 556 1286 Primus,
580 1209 723 1271 clamante
746 1211 888 1272 Liburno:
1067 1217 1102 1274 tt

110 1291 243 1370 Currite,
266 1295 322 1355 iam
343 1293 432 1354 eadit!
457 1299 540 1373 rapta
564 1295 742 1373 properabat
764 1295 862 1356 abolla

109 1377 260 1454 Pegasus,
284 1378 423 1439 attonitae
446 1380 559 1456 positus
581 1378 669 1438 modo
704 1379 807 1440 viiicur
832 1379 895 1440 urbi
911 1413 953 1426 -

109 1460 195 1521 Anne
217 1460 295 1522 aliud
318 1471 387 1523 tuuc
409 1459 572 1540 praefecti?
598 1478 720 1540 quorum
743 1465 866 1542 optimus
890 1472 977 1543 atquc

110 1544 260 1624 interpret
283 1544 382 1624 legum
405 1546 603 1606 sanctissimus
629 1547 722 1606 omnia
746 1564 917 1627 quamquam

109 1627 304 1707 Temporibus
327 1628 397 1689 diris
419 1629 569 1690 tractanda
593 1629 714 1707 putabat
734 1631 836 1690 inermi
1070 1639 1106 1693 80

108 1712 233 1773 Iustitia.
278 1711 366 1772 Venit
388 1720 418 1770 et
442 1708 538 1789 crispi
561 1712 683 1772 iucunda
707 1721 854 1789 reuectus,

110 1793 202 1855 cuiue
228 1803 310 1856 eraut
331 1811 446 1871 morea,
472 1795 565 1873 qualis
587 1795 738 1871 facundia,
761 1797 829 1857 mite

108 1879 274 1957 Ingenium
296 1880 385 1941 maria
410 1896 445 1940 ac
468 1887 563 1939 terras
588 1880 775 1960 populosque
797 1882 912 1959 regenti
949 1951 952 1957 ¹

109 1963 182 2037 Quin
210 1980 310 2024 comer
333 1963 446 2039 utilior,
468 1963 493 2022 ei
516 1962 600 2024 clade
622 1973 652 2024 et
675 1973 761 2043 perta
787 1964 840 2024 sub
860 1964 910 2024 iiia

95 2047 268 2110 §acnuam
290 2048 426 2109 damnare
454 2056 484 2107 et
505 2046 657 2108 honestum
680 2049 786 2110 afferre
808 2049 912 2111 liceret

110 2128 292 2193 Concilium?
316 2132 369 2192 eed
393 2131 460 2210 quid
482 2131 638 2192 uiolentius
662 2150 732 2192 aure
755 2134 878 2210 tyranni,

110 2213 184 2276 cum
206 2232 263 2296 quo
286 2216 323 2277 de
345 2213 451 2294 pluviie
473 2224 523 2276 aut
543 2216 672 2276 aestibus
694 2225 744 2276 aut
765 2216 897 2277 nimboso
920 2220 924 2227 '

109 2299 190 2364 Vere
214 2299 338 2361 locuturi
359 2299 448 2360 iatum
470 2298 617 2377 pendebat
637 2296 741 2360 amici?

109 2382 167 2445 Ille
186 2384 275 2460 igitur
297 2400 450 2461 numquam
475 2383 582 2442 direxit
601 2382 720 2444 brachia
743 2390 843 2443 eontra

110 2465 299 2544 'sumentem
325 2484 381 2528 nac
403 2467 474 2525 civis
498 2474 577 2540 erat,
601 2467 650 2546 qui
674 2463 768 2526 libera
790 2475 893 2545 posset
1069 2475 1105 2530 90

110 2550 211 2612 Verba
232 2551 317 2612 animi
340 2549 477 2629 proicrrc
500 2558 530 2608 et
550 2550 637 2609 uitam
660 2548 828 2630 impendere
850 2566 933 2610 vero.

110 2635 163 2697 Sic
183 2635 287 2696 multas
310 2635 421 2696 hiemet
444 2642 532 2712 atque
556 2635 738 2711 octogesima
759 2633 830 2694 uidit

111 2719 261 2797 sntrtttta,
283 2718 329 2780 bia
352 2719 438 2779 armis
460 2716 510 2779 illa
531 2735 650 2798 quoque
675 2726 752 2778 tutus
775 2720 803 2779 in
825 2719 899 2780 aula.

110 2803 262 2867 Proximus
285 2803 414 2864 eiusdem
437 2802 615 2881 properabat
636 2802 749 2864 Acilius
773 2805 837 2864 aevi

112 2886 185 2949 (ium
204 2889 309 2950 iuuene
332 2886 467 2965 indigno,
491 2904 576 2965 quem
597 2903 675 2946 mors
698 2895 755 2948 tam
778 2905 865 2948 ruera
886 2896 1017 2949 maneret
1068 2885 1104 2948 95

110 2971 150 3035 Et
173 2971 279 3033 domini
302 2971 407 3050 gladiis
428 2981 486 3032 tam
508 2970 660 3040 festinata;
682 2971 736 3031 aed
760 2971 828 3032 olim

111 3055 250 3134 Prodigio
271 3074 324 3136 par
348 3065 394 3116 eet
414 3056 443 3115 in
465 3054 616 3117 nobilitate
639 3063 792 3116 reuectus:

110 3140 195 3203 Unde
217 3142 264 3218 dt,
288 3149 319 3201 ut
340 3139 436 3201 malim
458 3139 632 3202 fraterculus
657 3156 725 3200 esee
748 3136 891 3216 digentis!

111 3225 225 3289 Profuit
247 3241 320 3304 ergo
342 3224 413 3286 nibil
434 3227 558 3301 misero,
582 3222 661 3303 quod
687 3223 816 3284 cominus
838 3235 922 3281 ureoe

112 3307 237 3389 Figebat
259 3309 396 3371 Numidae
418 3308 532 3371 Albana
554 3308 647 3369 uudue
669 3325 756 3368 arena
1055 3313 1105 3365 100

112 3394 261 3465 Venatum
284 3395 349 3475 quie
374 3394 448 3453 enim
470 3394 526 3454 iam
548 3410 606 3453 non
624 3390 780 3468 intellegat
793 3397 872 3449 arten

113 3475 276 3540 Patriciae?
300 3479 364 3557 quie
387 3479 514 3556 priscum
536 3475 607 3539 illud
629 3477 748 3535 miratur
770 3490 900 3551 acumen,

114 3561 225 3642 limte²
247 3559 347 3622 tuum?
371 3561 459 3622 facile
481 3570 526 3622 eet
546 3561 668 3622 barbato
691 3561 842 3637 imponere
862 3559 936 3635 regi.
