2552 4028
492 235 495 244 =
511 213 721 264 Posmrsnlos
1003 217 1098 291 xxm

100 360 224 433 plurimis,
235 358 396 416 momulahn.
402 373 425 419 o.
431 358 495 415 Pith.
507 355 647 430 ethiopem..
655 361 724 432 qnasi
735 361 766 417 do
776 374 878 418 oomoro
884 376 992 428 omnum
1004 377 1053 418 non
1063 361 1096 418 rio

101 443 240 518 frequen&
250 450 345 516 agatur,
352 457 414 516 qoae
420 459 491 518 quoru
499 459 571 515 saepe
581 444 662 514 potins
672 445 794 518 postolat:
807 459 886 518 nequo
895 459 951 501 rasa
962 445 1027 501 alind
1036 453 1095 503 mot

102 540 136 584 ao
144 535 230 596 tostae,
243 543 303 602 quas
312 528 334 584 si
345 527 376 583 ari
387 527 500 583 imhrioos
511 526 601 583 referre
611 529 736 594 mainerio,
746 529 793 584 hae
802 543 847 584 our
856 536 930 585 noete
937 530 1093 600 ¹potissimam

101 613 200 678 cadant,
208 626 282 686 aegre
289 611 410 688 orphea:
421 617 516 668 tantum
522 611 598 684 igitur
608 609 677 668 abest
686 619 715 669 nt
726 627 783 670 enm
789 612 1093 685 Rupertioethisnsonode

99 695 1092 770 moptepotmhmgitamhoamqaoonomaemootoshmmtoomnromnta

100 781 134 837 ad
141 796 253 838 vasorum
260 795 330 837 ossus
339 780 527 836 reterenoasim.
537 809 574 823 -
582 779 634 836 Sat.
641 781 680 836 Ν.
687 796 711 837 r.
718 781 888 840 sotumohhri·
896 797 995 844 omnes:
1007 781 1092 839 aomo

99 863 200 921 Iahnius
211 881 234 921 o.
246 863 395 920 Scholiasta:
412 865 492 920 miros
507 871 591 928 neuter
601 865 732 921 eiihniie.
744 880 769 935 p.
777 869 845 924 8.-
853 865 882 921 11.
888 869 922 925 91
934 867 962 920 in
970 865 1091 923 aohitimu

98 948 167 1020 hiup.
180 953 205 1003 et
217 948 276 1006 Aah.
289 963 345 1003 enm
355 947 423 1004 libris
440 947 574 1020 pierisqner
591 963 643 1004 oon
652 948 750 1004 Iahnius
759 963 782 1005 e.
796 947 897 1004 Pithoeo
908 955 934 1004 et
944 949 1089 1010 Heinriohio.

99 1047 153 1088 non
160 1039 241 1088 antem
253 1047 309 1088 oum
316 1024 456 1102 Pithoeano‚
467 1031 548 1103 inquo
553 1033 638 1088 inerma
649 1034 730 1104 potios
738 1031 840 1088 doanrm
845 1033 969 1089 iiterarum
977 1039 1029 1097 est;
1039 1047 1090 1089 ooo

98 1117 180 1190 igitar
189 1117 256 1172 omni
267 1116 410 1172 auctoritate
420 1123 495 1172 earet.
505 1143 541 1156 —-
550 1115 579 1171 V.
587 1121 639 1176 110
645 1117 673 1172 ia
682 1117 856 1190 mmmrotg„
868 1117 996 1173 sotowast
1006 1117 1089 1180 iahn.;

99 1199 229 1256 atinPith.
240 1205 277 1256 est
286 1200 690 1274 ooo‚qoooao1aeoomremittore
699 1201 847 1258 dixideio.
858 1205 916 1272 nti.
926 1200 1088 1258 -Satiim

98 1283 1089 1358 51,quomlahniusc.Pinzgeroethieinriohiodamnavitintarpongeodosairom

97 1369 252 1440 praestitisse
261 1367 360 1432 videon
378 1369 419 1441 qni
429 1375 456 1424 ot
467 1369 551 1425 abesse
561 1371 650 1441 possit,
662 1371 751 1426 omisso
761 1376 843 1426 tamen
853 1369 1017 1426 membrorum
1029 1383 1088 1425 oon·

97 1453 204 1509 cionitas
226 1451 402 1518 debilitabitur,
421 1465 482 1525 quae
498 1453 572 1509 olion
589 1471 675 1530 amoro
693 1469 743 1510 nno
764 1453 918 1509 hemistichio
940 1454 1031 1510 ahsoim'
1046 1454 1088 1510 vix

96 1537 167 1594 sinit.
195 1536 248 1593 tha
259 1553 331 1594 eausa
349 1543 387 1593 est
396 1552 420 1593 v.
430 1541 474 1605 91,
487 1550 558 1610 qoem
570 1539 622 1614 ipse
635 1538 782 1595 Pithoeanos
792 1539 904 1610 ignorat:
917 1545 942 1594 at
951 1538 990 1594 vel
998 1553 1022 1597 r.
1035 1541 1088 1597 140

97 1621 210 1694 quamvis
226 1620 348 1678 elumbem
364 1627 390 1676 et
408 1621 439 1676 sd
453 1621 545 1678 leonini
561 1623 667 1693 speeiem
678 1623 840 1693 compositum
853 1622 874 1677 si
885 1637 941 1676 enm
952 1621 1034 1678 lahnio
1044 1637 1088 1678 sx-

96 1705 204 1776 puleris‚
219 1703 325 1760 hiulcam
341 1703 475 1759 orationem
492 1705 591 1771 teneris,
607 1719 655 1761 neo
673 1705 818 1762 minosloei
835 1705 971 1760 eommunis
987 1705 1086 1760 inserit
1203 1765 1206 1773 ¹

97 1787 1085 1862 qmamV11.145roroioteaoi,soormdiopooao;quodsimaximeihumsorihi

98 1887 114 1929 a
126 1871 239 1929 iuvenale
249 1873 358 1944 potuisse
369 1873 509 1945 negaveris,
527 1873 600 1928 alium
610 1873 692 1944 potins
702 1886 773 1946 qnam
784 1873 877 1929 nohum
887 1873 918 1928 ah
928 1887 958 1929 eo
968 1873 1085 1944 seriptum

97 1969 156 2013 esso
166 1957 305 2016 oonoomm.
339 1955 396 2013 hiox
406 1971 503 2029 quoqne
518 1971 543 2011 v.
556 1961 606 2015 111
616 1955 728 2031 Mogaios
738 1956 863 2014 Pithoeani
873 1971 918 2029 pro
928 1955 1021 2030 motae
1030 1957 1085 2016 ideo

96 2041 200 2106 retinui,
218 2041 273 2115 qrria
291 2057 376 2098 renim
392 2055 482 2098 nomen
492 2042 593 2115 ignoro,
605 2042 670 2114 qnod
681 2042 743 2110 hand
759 2043 811 2098 seio
822 2057 852 2097 an
862 2040 980 2098 iuvenalis
998 2041 1084 2098 eodem

96 2125 174 2182 modo
180 2140 228 2198 quo
232 2124 503 2200 pmmhmssaeooex
513 2133 585 2199 poeta
594 2127 733 2199 aequalibus
739 2132 799 2183 noto
806 2126 951 2197 sumpserit:
961 2125 1084 2197 eorrumpi

95 2217 181 2265 tamen
194 2209 267 2266 etiam
277 2213 395 2283 optimum
406 2211 516 2268 oodirem
526 2211 551 2267 in
561 2210 616 2267 loeo
627 2210 798 2268 ohsourissimo
807 2211 916 2282 potuisse
926 2223 999 2266 nemo
1010 2209 1084 2265 mira·

95 2294 166 2350 bitur
176 2293 278 2368 ideoque
288 2311 384 2351 rursum
392 2312 416 2351 r.
431 2299 482 2354 142
491 2296 565 2352 oona
572 2311 617 2367 pro
627 2295 700 2352 ronst
708 2301 733 2350 et
742 2309 765 2351 v.
782 2295 989 2352 lihodmeaoom
999 2309 1043 2366 pro
1055 2309 1084 2349 oo

95 2393 217 2442 merrom
230 2392 291 2450 quae
302 2393 333 2433 ex
348 2379 391 2434 iilo
402 2378 497 2434 lahnios
508 2380 605 2444 ascivit,
622 2379 652 2434 mi
668 2379 820 2450 superiorum
838 2378 960 2446 exemplar
971 2391 1083 2432 revocare

95 2477 149 2518 non
160 2460 280 2528 dubitari,
300 2459 355 2534 quia
371 2459 420 2516 hoo
429 2460 467 2516 vel
483 2462 536 2516 sine
546 2462 692 2533 reliquorum
706 2461 818 2516 oodieom
832 2475 951 2516 consensu
961 2460 1013 2528 ipsa
1027 2473 1083 2514 sen·

95 2545 298 2616 tentiapraestat.
330 2541 409 2600 Sorte!
418 2550 538 2616 eertepro
560 2543 674 2600 sirmlita
684 2544 869 2600 tantomiooum
880 2541 965 2608 hahet,
981 2543 1082 2597 ateius·

97 2630 155 2686 dem
165 2630 200 2684 rei
217 2627 311 2685 iteratio
322 2627 477 2693 excludatur,
494 2633 522 2683 nt
535 2627 560 2683 io
574 2627 691 2700 amemphis
701 2627 764 2699 apud
775 2625 854 2686 Bentl.
866 2625 896 2681 mi
907 2625 991 2681 Horat.
1002 2623 1080 2684 Serm.

95 2711 130 2769 11.
142 2716 168 2770 8.
179 2714 229 2776 14ς
246 2717 328 2769 nostra
337 2718 418 2768 autam
428 2709 525 2784 hiygale
535 2713 608 2768 etiam
618 2717 674 2782 post
689 2711 833 2786 trigeminos
844 2711 903 2766 alios
916 2715 1000 2781 partos
1010 2710 1082 2766 odoro

95 2801 207 2868 poteram
218 2811 265 2852 noo
279 2811 388 2853 mensam
398 2793 478 2852 atierri
488 2796 585 2852 demum
596 2811 640 2868 par
649 2801 700 2861 ost,
711 2795 753 2852 uhi
764 2795 843 2852 inians
849 2794 974 2868 pmodtoa
985 2794 1034 2850 hoo
1044 2801 1083 2850 ast

96 2879 129 2936 ad
143 2889 244 2936 mertam
254 2881 332 2946 venit,
345 2887 373 2938 nt
383 2881 478 2936 mittam
488 2895 586 2936 mensae
601 2895 658 2936 oum
670 2879 772 2936 nnorhos
782 2885 807 2934 et
818 2893 870 2936 asso
879 2893 965 2950 pamm
975 2877 1082 2935 nmero·-

95 2963 188 3020 tudinis
198 2963 360 3028 intercedere:
377 2979 443 3021 nune
453 2964 528 3038 igitur
542 2965 619 3022 donoc
627 2964 753 3021 Pithoeani
763 2965 893 3021 auotoritas
904 2963 1032 3020 eommoria
1044 2962 1082 3018 io·

96 3049 271 3118 terpretatione
281 3047 403 3118 firmetur,
416 3048 559 3106 deteriorem
570 3047 685 3106 familiam
694 3063 778 3106 rernm
788 3061 896 3105 servasse
907 3047 1018 3104 arbitror.

182 3132 235 3190 Lih.
241 3131 271 3192 ll.
279 3132 404 3194 Satvtn
411 3137 454 3203 18,
464 3133 532 3190 onius
539 3147 622 3189 vorsus
631 3133 697 3205 prior
705 3148 760 3205 pars
769 3133 891 3206 languida,
899 3129 1019 3203 posterior
1027 3129 1081 3201 pin·

96 3217 185 3291 guiset
197 3217 273 3273 otiosa
283 3224 329 3286 est,
341 3226 479 3290 suspectum
490 3217 548 3272 mihi
557 3231 610 3273 esse
619 3233 668 3274 non
676 3218 745 3289 potui
752 3232 801 3274 non
808 3215 958 3290 signihome;
968 3214 1080 3270 fidentius
1134 3235 1137 3240 ·

97 3307 179 3358 autem
189 3305 318 3361 morasti
328 3315 382 3358 mea
389 3303 526 3359 oonieotora
538 3317 582 3374 pro
592 3301 643 3358 illie
652 3301 829 3373 seripsihs'th'si.
837 3315 859 3356 e.
867 3299 998 3369 intestinis,
1008 3311 1079 3372 quom

97 3400 182 3442 vooem
193 3387 223 3444 ai
234 3386 311 3459 ipsam
321 3385 511 3459 paedioationem
521 3387 593 3442 etiam
603 3383 718 3442 Laberius
728 3385 810 3442 retulit
819 3389 883 3440 testo
891 3382 969 3440 Nonio
979 3398 1005 3456 p.
1013 3388 1079 3449 1223

98 3469 158 3528 addo
175 3471 268 3529 maome
283 3471 347 3544 anni
362 3476 471 3528 nostrum
488 3469 585 3530 11113.
618 3469 760 3527 hiunosoola
776 3469 841 3524 mim
856 3469 967 3526 universo
977 3482 1079 3524 amnon

98 3556 171 3613 otiam
182 3569 242 3627 puer
253 3556 342 3630 exigat.
355 3569 428 3629 aegre
436 3555 539 3620 dixerim
549 3570 615 3611 nuno
625 3561 706 3610 autem
716 3552 747 3609 de
757 3553 824 3610 eoim
834 3555 922 3628 agitur,
934 3567 1006 3626 quem
1015 3563 1080 3606 uxor
