2592 4022
478 297 602 346 sanum
622 297 697 346 VIII.

88 437 264 522 [Gorrlnnm
286 447 315 500 et
336 437 455 500 Galbam
475 435 611 498 auriculis
630 455 761 519 nasoque
782 437 948 499 carentem?

88 523 166 598 Quis
187 522 314 600 fructus,
337 524 457 600 generis
479 521 576 583 tabula
597 523 707 583 iactare
728 523 841 602 capaci}

89 604 265 684 GornInnm,
288 607 413 686 postbas
431 607 518 666 multa
541 607 711 684 contingere
733 607 815 682 virga

86 691 235 752 Fumosos
257 693 383 770 equitum
405 709 469 752 cnm
489 691 631 751 dictatore
650 691 821 768 magistros,

88 775 123 836 si
147 793 246 836 coram
266 774 386 854 Lepidis
407 775 483 836 male
502 772 628 834 viriturl
650 774 766 852 efligies
786 789 844 852 quo

88 858 149 920 Tot
172 859 361 936 bellatomm,
385 860 409 918 si
431 858 536 919 luditur
558 857 624 920 alea
644 875 757 938 pernox

89 944 170 1004 Ante
191 939 401 1004 Numantinos?
422 944 448 1002 si
470 943 596 1003 dormire
617 944 721 1022 incipis
743 950 809 1002 ortu

87 1025 234 1103 Inuallem,
256 1044 313 1105 quo
336 1029 418 1104 signa
440 1026 531 1087 duces
553 1033 582 1086 et
605 1035 700 1087 castra
722 1022 899 1087 movebant?

90 1108 152 1170 Gur
174 1108 377 1189 Allobrogicis
400 1118 430 1170 ct
448 1127 552 1188 magna
573 1111 700 1188 gaudeat
721 1128 771 1172 ara

90 1192 183 1255 Natus
207 1194 236 1253 in
256 1193 405 1255 llersuleo
427 1192 534 1255 Fabius
554 1193 634 1270 lare,
658 1196 683 1254 si
705 1193 846 1274 suuldus,
870 1195 895 1252 si

89 1278 191 1338 Vanus
214 1285 244 1338 et
264 1275 405 1357 Euganea
427 1279 606 1358 quantumvis
629 1278 746 1339 mollior
767 1274 865 1354 agne?

91 1362 123 1422 st
146 1370 279 1422 tenemm
300 1364 412 1424 attritus
434 1359 582 1424 caunensi
605 1364 719 1441 pumice
739 1361 864 1422 lumbum

92 1445 269 1525 squalentes
286 1446 410 1506 traducit
429 1463 501 1507 avos
524 1456 697 1525 emptorque
718 1446 822 1506 veneni

91 1527 265 1608 Frangenda
286 1531 420 1590 miseram
442 1529 570 1590 funestat
591 1530 716 1606 imagine
735 1526 876 1606 gentem?

92 1611 167 1673 Tota
189 1611 260 1673 licet
280 1622 401 1673 veteres
422 1621 566 1673 exornent
585 1612 711 1691 undique
735 1629 822 1672 cerae

92 1697 191 1773 Atria,
212 1695 348 1758 nobilitas
369 1695 433 1770 sole
456 1706 502 1756 est
521 1705 608 1774 atque
630 1698 714 1756 unica
732 1697 834 1756 virtus.

93 1779 200 1840 Paulus
220 1779 270 1840 rel
294 1778 405 1841 Gossus
427 1780 477 1840 vel
496 1779 610 1840 Drusus
628 1779 758 1840 moribus
777 1789 857 1847 esto:

94 1864 155 1925 llos
177 1874 243 1925 ante
264 1864 381 1943 efligies
400 1865 539 1926 malorum
560 1881 639 1942 pone
660 1873 791 1934 tuorum3

93 1948 277 2009 Praecedent
300 1949 379 2028 ipsas
401 1947 443 2008 illi
463 1958 494 2009 ts
515 1948 635 2009 consule
658 1949 766 2027 virgas.

93 2027 186 2094 Prima
208 2032 275 2093 mibi
297 2032 391 2093 debes
412 2034 497 2094 animi
519 2033 612 2103 bona;
637 2041 753 2094 sanctus
775 2033 876 2095 haberi

94 2115 282 2196 lustitiaeque
301 2126 389 2177 tenax
410 2117 496 2178 iactis
518 2118 662 2198 dictisque
683 2119 822 2178 mereris:

94 2200 235 2278 Agnosco
259 2218 424 2281 procerem.
470 2201 576 2279 Salve,
601 2201 769 2278 Gaetulice,
793 2221 846 2262 seu
867 2211 897 2264 tu

95 2283 224 2352 Silanus:
244 2302 427 2364 quocumque
449 2283 507 2346 alio
529 2287 566 2347 de
585 2287 725 2362 sanguiue
746 2303 829 2346 rarus

96 2365 176 2428 Civis
198 2376 227 2428 et
249 2370 388 2448 egregius
409 2371 521 2447 patriae
543 2370 686 2446 contingis
707 2372 819 2445 oranti,

93 2451 267 2514 Exclamare
286 2452 373 2528 libet,
396 2453 523 2532 populus
543 2452 619 2532 qnod
644 2453 748 2513 clamat
768 2451 846 2513 Osiri

94 2535 225 2596 Invento.
270 2535 342 2610 Quis
364 2536 439 2596 enlm
458 2552 635 2614 generosum
657 2536 762 2596 dixerit
781 2535 872 2614 bunc,
893 2538 943 2616 qui

95 2619 230 2698 Indignus
248 2637 360 2698 genere
381 2629 411 2680 et
432 2621 586 2702 praeclaro
609 2620 724 2680 nomine
747 2628 854 2681 tantum

96 2700 241 2782 Insignis?
262 2721 366 2766 nanum
388 2705 535 2766 cniusdam
551 2703 670 2765 Atlanta
692 2722 841 2783 vocamus,

96 2787 271 2868 Aethiopem
288 2793 434 2868 cycnum,
455 2807 573 2870 pravam
597 2798 799 2869 extortamque
820 2789 947 2871 puellam

96 2871 249 2951 Europen3
272 2873 392 2934 canibus
413 2874 507 2954 pigris
526 2873 686 2953 scabicque
707 2883 822 2936 vetusta

95 2954 221 3017 Levibus
244 2967 274 3018 et
295 2958 393 3020 siccae
414 2957 607 3019 lambentibus
629 2974 681 3018 ora
704 2958 842 3018 lucernae

96 3039 208 3102 Nomen
228 3043 283 3102 erit
305 3041 428 3122 pardus,
451 3042 551 3119 tigris,
576 3041 642 3118 leo,
666 3042 690 3101 si
708 3041 775 3120 quid
793 3041 887 3102 adbuc
909 3051 954 3100 est

98 3124 182 3198 Quod
199 3125 303 3187 fremat
323 3127 456 3188 interris
476 3122 653 3186 violentius?
698 3124 778 3203 Ergo
800 3123 921 3188 cavebis

97 3208 134 3268 Et
154 3218 283 3285 metues,
307 3229 344 3270 ue
365 3219 396 3270 tu
418 3212 461 3270 sic
482 3207 616 3270 Creticus
638 3219 687 3271 aut
708 3207 887 3270 Camerinus.

1040 290 1080 350 53

1062 453 1077 508 i

138 3291 189 3353 llis
212 3311 269 3372 ego
292 3311 379 3373 quem
400 3291 518 3354 monui?
544 3304 641 3355 tecum
658 3303 703 3355 est
721 3294 789 3354 milri
811 3310 924 3370 sermo,
946 3290 1063 3352 Rubelli

96 3377 215 3438 Blande.
261 3377 367 3438 l'umes
391 3378 449 3438 alto
469 3378 630 3440 Drusorum
653 3387 820 3455 stemmate,
843 3387 986 3458 tamquam
1050 3385 1086 3439 4⁰

96 3459 216 3522 Feceris
237 3463 303 3541 ipse
325 3460 448 3540 aliquid,
468 3462 686 3541 propterquod
708 3462 814 3522 nobilis
837 3480 932 3540 esses,

96 3543 135 3607 Ut
154 3554 184 3606 te
202 3547 388 3625 conciperet,
412 3564 486 3626 quae
509 3548 649 3624 sanguine
671 3545 764 3624 iulget
783 3546 848 3625 luli,
