2552 4028
477 251 688 302 Ptauuhulo.
985 256 1074 308 XXXI

87 398 207 455 lmine
225 403 304 454 aetate
313 412 367 455 rese
378 404 503 471 poterant,
518 398 559 471 qni
573 399 683 456 breuiore
694 400 772 456 lenna
781 399 1074 460 reconditaecrurlitienit

84 483 193 554 speciem
202 481 356 547 allechrmt:
366 484 419 539 sinc
428 485 497 539 libris
506 483 584 556 igitur
596 483 656 540 nibil
665 484 729 557 apurl
739 482 808 539 hunc
815 491 917 540 mutem.
938 486 990 542 lilia
1001 499 1074 543 musa

84 573 123 623 et
131 581 157 624 r.
168 571 203 626 87
210 613 218 632 ,
230 566 272 622 nbi
283 568 348 640 quod
358 567 426 624 Irhn.
438 583 460 624 c.
470 567 535 626 Pitb.
545 568 643 640 scripsit
652 568 700 637 itt,
711 583 761 623 non
771 568 888 632 librorum
897 571 979 642 magis
991 585 1074 626 escae

83 651 127 724 plo
136 665 209 724 quam
220 666 277 708 mee
286 651 371 708 nahmi
379 651 510 710 obsecutus
519 665 563 724 per
571 654 697 710 relativum
706 651 749 708 ubi
754 652 785 707 ab
794 654 867 708 unius
875 654 966 726 navigii
977 654 1073 710 imtuna

84 736 113 792 all
132 736 270 792 unireuam
279 735 406 792 tntisinns
415 738 547 810 imaginem
557 739 780 810 naufragorumque
788 737 856 794 uelut
866 739 1074 796 conciliabulere-

81 821 184 880 vocari:
202 819 268 877 item
285 827 367 878 umen
382 837 441 878 mcx
456 836 480 878 r.
495 827 581 879 lieet
592 827 644 882 116
655 823 728 878 etiam
744 821 843 892 propius
858 822 1074 894 iheeptimitestis

81 905 187 979 uestigia
202 905 279 976 pressi
289 905 417 963 scmbcnde
430 903 532 980 bellipo
541 912 567 960 et
576 912 621 961 curt
631 905 805 979 perlucere,
817 905 860 964 ubi
870 905 936 961 Pith.
947 914 1014 962 cete
1023 923 1074 963 nnn

80 996 111 1045 ut
121 989 220 1046 Iahnius
236 995 261 1045 et
271 989 370 1060 plurimi
384 987 472 1046 totta
482 990 525 1046 see
534 987 629 1064 telepte
638 1005 781 1063 necrospou
791 997 814 1046 et
824 991 868 1046 sot
880 997 995 1064 mopocot
1005 990 1074 1047 exhi„

81 1075 133 1130 bet.
165 1071 234 1131 linus
250 1073 279 1130 (l.
289 1074 439 1131 Schmidtiuu
449 1075 504 1131 iarn⁴
513 1075 537 1130 in
548 1073 646 1130 delectu
654 1075 823 1140 liieleieldensi
835 1077 903 1134 1835
913 1074 1013 1149 telique
1023 1075 1074 1131 edi,

75 1159 131 1222 tit:
148 1159 277 1230 relcuom
296 1161 369 1216 cirrul
382 1166 484 1215 tunm
493 1159 538 1230 prc'
554 1165 643 1215 eorm
653 1159 770 1216 scriberet
784 1165 927 1231 partemque
938 1158 997 1214 belli
1006 1177 1073 1232 φη»

77 1243 260 1318 perceptor
270 1243 352 1300 dom
362 1245 572 1316 interpretaretur,
591 1243 729 1300 bocsolum
741 1251 809 1300 recte
825 1243 898 1308 sitiit,
912 1249 1008 1317 purten
1018 1243 1073 1299 belli

80 1327 196 1384 cobortes
206 1328 275 1383 ualde
285 1329 401 1402 languide
409 1327 472 1392 clici:
491 1328 582 1401 relique
601 1328 975 1392 mollefaciliusslcstnremns‚
989 1334 1073 1402 utque

81 1411 142 1483 ipsis
152 1401 295 1468 cohortibus
304 1420 395 1469 teron
406 1419 529 1486 umquam
537 1413 743 1489 purumnlimnor
751 1412 970 1469 tetamento
978 1412 1072 1485 proclia

79 1496 206 1570 adiungat.
797 1495 799 1498 ’

166 1581 261 1640 tint.
272 1579 323 1640 Sat.
335 1582 402 1638 lllll.
418 1597 442 1637 v.
456 1587 546 1642 leues
556 1584 629 1640 etiam
643 1581 957 1654 postlabniunr‚p1iosus
966 1582 1070 1653 scripsit,

79 1679 138 1722 cum
149 1665 213 1723 Pith.
225 1673 251 1724 ct
261 1665 372 1738 plurimis
381 1667 473 1722 asserui
482 1666 577 1723 indic.
588 1683 614 1738 p.
627 1663 674 1728 15}
685 1663 808 1722 difficilius
816 1671 900 1722 autem
909 1665 980 1722 buius
990 1672 1073 1737 patro-

76 1751 172 1806 cinium
189 1756 227 1805 est
236 1767 261 1806 u.
273 1753 328 1817 te,
343 1751 386 1806 ubi
397 1750 547 1806 silureualis
562 1767 628 1806 mc
637 1751 785 1822 scripsisset.
803 1750 868 1822 quod
878 1765 909 1806 en
919 1749 984 1805 titt„
994 1765 1072 1821 nuper

76 1835 178 1892 lahnins
194 1834 282 1899 edidit,
299 1851 366 1891 nono
384 1841 463 1897 aetas,
483 1849 556 1907 quam
574 1833 682 1892 ciusdem
699 1841 825 1892 corrector
839 1849 896 1891 com
913 1834 1071 1892 debitoribus

76 1919 201 1992 plerisque
217 1933 373 1977 communem
390 1919 477 1987 labet,
494 1922 617 1993 quomodo
634 1920 782 1979 tumentem
799 1917 1071 1986 herbescentem

77 2005 201 2074 explices:
212 1997 377 2077 repueipsunr
382 2006 599 2063 mntemhentem
609 2005 699 2071 lecum.
712 2021 785 2080 quem
795 2006 819 2060 in
828 2004 948 2076 principio
957 2004 1071 2060 remicoli

77 2095 159 2152 tenet
171 2089 235 2145 tueri
246 2104 319 2160 posse
328 2089 434 2155 viderur.
445 2097 575 2163 postquam
587 2091 673 2148 eadem
683 2099 793 2162 tempora
806 2091 856 2144 iant
871 2088 1071 2146 mmtecedeuti·

75 2173 125 2229 bus
138 2172 230 2229 diulus
243 2179 346 2230 tractata
356 2183 427 2238 sunt:
439 2175 532 2230 serrari
542 2173 630 2247 igitur,
643 2187 692 2248 qun
702 2175 801 2231 subiato
809 2173 911 2234 verebar
921 2189 954 2229 ne
963 2173 1070 2246 argutis·

76 2258 143 2314 simo
154 2258 262 2329 epitheto
273 2259 429 2332 frigidissima
444 2260 562 2330 particula
580 2260 728 2317 annumeret.
758 2257 838 2314 Etiam
853 2271 878 2314 r.
889 2262 924 2316 et
935 2259 1000 2314 idem
1010 2256 1070 2314 mhi

77 2342 143 2416 quod
154 2342 734 2408 1111031111,ιιιειιωωοαεᾶᾱυωω,
753 2343 818 2415 quel
835 2342 859 2397 in
878 2342 927 2396 line
944 2356 1070 2398 enumera·

76 2427 174 2482 tionum
184 2428 294 2484 solemne
300 2427 346 2498 ipsi
356 2426 598 2504 perpstlmenatu
606 2427 638 2481 x.
647 2429 699 2484 174
709 2432 734 2481 et
739 2426 782 2483 ht.
796 2430 845 2486 191
856 2427 993 2498 praemisit:
1005 2425 1070 2497 qued

75 2525 137 2566 vero
148 2526 171 2568 v.
184 2513 237 2570 107
255 2527 300 2583 pro
311 2511 435 2583 confimat
445 2510 500 2566 dedi
510 2498 661 2580 mostomoro
675 2525 706 2565 ex
715 2509 767 2580 ipsa
783 2508 908 2564 pithoeani
919 2509 1070 2580 alienumque

75 2595 239 2668 plurimorum
252 2597 389 2668 corruptela
400 2594 541 2667 wrrfiomarrt
551 2595 639 2660 elicui:
656 2593 812 2665 eiusdemque
822 2593 860 2648 vel
870 2593 973 2649 certiore
985 2599 1069 2648 aucto-

75 2682 149 2737 ritate
161 2679 219 2758 sat
230 2680 294 2738 xlv,
306 2696 330 2738 r.
342 2687 378 2745 ³³
387 2679 542 2752 iubentute
552 2679 653 2736 uticum
662 2693 769 2752 moxque
779 2694 802 2736 r.
814 2681 851 2738 48
865 2695 909 2734 ecc
924 2693 967 2749 pro
983 2694 1014 2733 oc
1031 2693 1070 2734 re·

76 2765 155 2838 posui.
169 2765 300 2821 accedente
312 2765 409 2838 insuper
418 2765 551 2822 sentcntiae
561 2765 783 2827 commendatione.
794 2765 825 2820 <le
836 2780 883 2837 qua
893 2764 926 2819 cl.
935 2763 1027 2822 Vindio.
1041 2778 1067 2834 p.

78 2854 121 2909 ill.
131 2877 177 2894 --
185 2850 216 2907 V.
226 2853 262 2908 83
273 2857 357 2906 utnon
369 2867 382 2906 a
393 2849 518 2906 pithoeani
529 2879 573 2893 -
584 2850 605 2904 is
615 2851 681 2907 enini
691 2855 804 2920 corrupte
813 2849 902 2904 levaret
919 2848 1018 2904 exhibet
1025 2875 1070 2890 -

76 2934 120 2989 sed
132 2933 248 2990 aPithoei
260 2935 384 3009 Iahniiquc
398 2935 541 2991 comunitate
551 2935 676 3008 tigresm
685 2949 729 3006 pre
740 2933 825 2990 teeti
834 2933 994 3005 plurimorum
1009 2933 1069 2987 scri·

76 3025 174 3091 pturam
185 3017 271 3076 mabit
279 3021 434 3091 praeferrem,
446 3025 472 3074 et
481 3019 596 3075 Prisciani
606 3020 745 3092 vestigium,
759 3019 799 3090 qui
810 3017 895 3074 letavit
904 3017 981 3090 legit,
993 3021 1018 3070 et
1027 3031 1068 3070 sn·

78 3104 181 3176 perieris
197 3103 246 3158 loci
257 3102 297 3161 Vl.
308 3108 361 3162 660
379 3103 526 3176 comparatio
545 3104 635 3169 mevit,
654 3103 696 3159 ubi
706 3103 732 3158 in
742 3102 815 3158 simili
826 3102 1006 3158 constructione
1016 3100 1068 3170 ipse

77 3186 225 3244 pithoeanus
231 3189 397 3261 praeparabit
409 3195 502 3252 tuetur:
512 3203 535 3243 r.
547 3193 599 3248 152
613 3194 695 3245 autem
705 3187 770 3243 hunc
781 3187 929 3259 etiamsoede
940 3183 1067 3240 scribendo

77 3271 138 3329 nihil
156 3273 202 3328 nisi
218 3275 360 3347 genetivum
374 3275 461 3346 scedce
474 3273 579 3330 voluisse
595 3279 673 3344 puto,
692 3271 761 3328 cuius
779 3277 846 3327 certe
863 3285 913 3325 non
930 3267 1068 3340 impeditior

73 3373 152 3431 qnam
163 3358 268 3414 adverbii
282 3365 404 3416 structura
415 3366 467 3425 oct,
478 3357 552 3415 modo
562 3356 707 3430 hypallagen
717 3371 849 3430 agnoscas.
862 3367 909 3426 qua
917 3353 1003 3428 sccdcc
1011 3349 1068 3409 boc·

77 3443 135 3500 dero
142 3443 223 3515 fonce
233 3459 279 3516 pro
290 3444 362 3501 iceda
373 3444 436 3500 lama
446 3443 540 3506 dicitur.
553 3443 623 3498 cuius
634 3443 701 3498 reiut
711 3441 813 3496 buccina
823 3439 848 3495 in
858 3438 1011 3495 sermonibus
1020 3437 1068 3493 illis

77 3527 203 3593 nullatum
220 3544 267 3585 nec
276 3545 300 3588 u.
312 3534 366 3590 238
382 3528 407 3584 in
419 3528 504 3600 optim
515 3526 606 3586 codicis
622 3528 708 3584 lacuna
719 3526 847 3600 requerere
857 3525 938 3596 potius
949 3539 1005 3579 cum
1015 3519 1067 3576 llu-

77 3611 157 3682 pertic
164 3619 189 3668 ct
199 3613 281 3670 labnlo
291 3631 365 3687 quam
376 3629 434 3671 cum
444 3619 526 3670 uetere
536 3617 674 3668 correctore
684 3610 811 3685 nequirem
818 3609 921 3674 inuenio,
931 3606 997 3680 quod
1007 3611 1033 3660 et
1041 3619 1066 3660 r,
