2592 4022
514 239 640 290 snmus
664 242 736 290 xvr.
1044 234 1102 296 105

154 380 287 442 Praemia
309 397 385 440 nune
407 379 465 440 alia
489 389 577 459 atque
600 381 656 443 alia
680 380 872 444 emolumenta
893 394 1026 445 notemus
1068 395 1103 450 35

110 466 375 526 sacramentorum.
411 460 582 526 Gonvallem
605 466 679 525 ruris
704 466 773 527 aviti

108 547 264 628 lmprobus
287 557 335 610 aut
358 564 490 628 eampum
512 549 579 608 milri
600 549 625 608 si
647 549 759 609 vieinus
782 549 899 628 ademit,

109 632 147 693 llt
169 650 285 693 suarum
309 631 411 693 effodit
430 631 526 691 medio
549 632 586 692 de
611 632 832 710 limitaneum,

110 714 196 789 Quod
217 734 283 777 mea
305 734 370 777 eum
403 715 502 794 patulo
529 716 620 776 uoluit
648 715 716 795 puls
744 735 836 778 annua
861 715 942 797 libo,

108 799 235 861 Debitor
256 808 304 860 aut
326 807 458 878 sumptos
481 801 579 877 pergit
605 817 663 859 non
687 801 814 862 reddere
841 819 982 881 nummos,
1068 812 1102 868 40

109 880 191 945 Vana
213 884 388 963 supervacui
409 883 511 943 dieens
539 883 736 963 chirographa
758 885 844 962 ligni:

109 966 333 1046 Exspsetaudus
356 968 412 1027 erit
455 968 484 1026 ui
507 967 573 1027 lites
597 966 715 1028 inehoet
737 985 827 1029 annus

108 1050 211 1112 'l'otius
233 1050 351 1130 populu
373 1049 426 1111 sed
435 985 516 1110 lune
539 1066 657 1131 quoqne
676 1050 755 1113 mille
778 1052 898 1134 ferenda¹

110 1134 236 1212 Taedia,
256 1134 336 1195 mille
356 1150 471 1195 morae:
496 1136 584 1195 toties
607 1134 750 1197 subsellia
773 1135 894 1196 tantum

109 1221 295 1289 Sternuntur;
320 1220 376 1278 iam
398 1218 523 1279 facundo
546 1226 675 1299 ponente
702 1218 843 1282 lacernae
889 1227 891 1234 ’
1067 1231 1101 1287 45

68 1305 72 1314 '
111 1301 251 1364 Caedicio
279 1311 309 1364 et
331 1300 428 1363 Fusae
453 1304 510 1363 iam
533 1304 716 1364 micturiente
737 1306 831 1385 parati

108 1387 296 1466 Digredimur
318 1385 457 1465 lentaque
479 1386 536 1447 iorl
558 1405 719 1466 pugnamus
742 1406 840 1449 arena.

110 1472 163 1533 Ast
185 1471 258 1548 illis,
284 1487 357 1550 quos
380 1489 459 1531 arma
480 1479 581 1548 tegunt
604 1480 634 1531 et
654 1471 769 1532 balteus
792 1469 889 1549 ambit,

110 1555 197 1630 Quod
221 1554 360 1635 placitum
382 1564 428 1616 est
450 1555 523 1632 ipsis
548 1563 714 1633 praestatur
734 1564 849 1635 tempus
874 1557 991 1635 agendi,

109 1637 173 1704 Nee
198 1656 247 1699 res
270 1640 403 1700 atteritur
425 1639 514 1716 longo
536 1638 698 1700 sufflamine
720 1639 788 1700 litis.
1067 1652 1102 1706 ω

110 1724 188 1785 Solis
215 1732 371 1802 praeterea
393 1721 519 1784 testandi
538 1721 676 1783 militibus
699 1724 745 1784 ius

110 1809 186 1868 Viva
210 1817 294 1886 patre
318 1808 417 1878 datur;
440 1825 521 1884 nam,
545 1824 621 1885 quae
646 1816 712 1868 suut
733 1817 817 1888 parta
839 1805 942 1869 labore

110 1891 250 1970 Militiae,
273 1891 384 1972 plaauit
404 1905 463 1952 non
483 1891 552 1952 esse
573 1892 602 1951 in
624 1908 752 1972 carpere
776 1908 892 1968 uersus,
1039 1965 1046 1979 ι

112 1976 205 2037 Omne
226 1984 308 2038 tenet
333 1977 415 2037 euius
439 1977 572 2054 regimen
594 1983 688 2055 pater.
728 1975 811 2055 Erga
835 1973 989 2054 (lunanum,

3 2087 4 2094 ¹
111 2061 267 2139 signorum
295 2061 429 2122 uentrem
452 2068 673 2140 austrorumque
697 2069 960 2138 memorantem,
1018 2120 1023 2127 ,
1067 2070 1102 2125 55

112 2145 249 2220 Quamvis
274 2147 330 2206 iam
355 2145 495 2206 tremulus
518 2147 616 2224 raptat
639 2153 732 2225 pater.
776 2143 860 2206 lluue
883 2145 968 2208 lavor
989 2161 1101 2226 aequus

111 2229 250 2290 Provehit
272 2238 301 2290 et
324 2229 448 2310 pulchro
469 2227 565 2290 reddit
587 2247 639 2290 sua
661 2229 736 2291 done
759 2229 864 2290 labori.

110 2312 207 2393 Ipsius
228 2322 309 2374 uerte
332 2314 414 2375 dunis
439 2312 497 2373 lroe
520 2312 635 2373 referre
655 2312 781 2390 videtum

115 2390 170 2475 Ut,
198 2399 247 2478 qni
268 2397 353 2459 fortis
375 2399 447 2475 erit,
473 2398 510 2457 sit
530 2396 716 2458 felicissimus
736 2397 845 2474 idem‚·

110 2479 152 2542 llt
175 2481 245 2544 leetl
268 2481 398 2562 phalaris
424 2498 525 2543 omnes
548 2488 578 2541 et
598 2480 751 2563 torquibus
776 2497 886 2543 amnes.
1066 2491 1102 2546 w
