2552 4028
466 251 676 302 summumne.
1024 253 1063 303 11

5 385 11 394 ’
80 415 144 475 ugo,
160 397 380 456 otueluvenalem
394 399 504 471 quidem,
524 397 898 465 nmuevmaendotusemteu,
915 397 1063 454 acommuni

82 485 277 542 doctissimorum
296 489 323 538 et
340 484 548 538 ¹secretissimorum
563 483 628 538 illius
644 482 729 538 aetatis
743 481 869 538 homiuum
886 481 924 537 vel
939 495 1008 537 more
1025 481 1064 538 vel

83 569 254 626 exercitatione
268 565 384 634 eximam,
401 581 462 640 qnos
478 567 596 623 ludicram
612 567 696 638 poesin
713 567 802 636 passim
812 571 929 622 moiseo
945 571 970 620 et
983 581 1029 621 sun
1038 572 1064 622 et

82 654 186 710 aliorum
200 648 313 722 eumnplo
327 649 418 706 Plinius
428 650 506 722 Epist.
516 649 555 706 lv.
571 651 611 707 rt
621 656 646 705 ot
655 650 705 706 vll.
720 652 738 706 4
754 651 869 720 testatur„
897 649 964 708 idem
981 655 1063 706 tomen

82 753 114 794 ue
135 735 339 810 quemadmodum
359 735 515 792 Martialisin
540 733 611 790 huius
631 733 728 807 generis
748 734 845 788 leuitate
870 740 1062 800 consenescercn

81 821 126 877 scd
136 827 193 892 post
207 821 312 876 mediam
323 825 389 876 certe
399 825 502 874 aetatem
519 819 616 874 altiores
625 818 723 889 spiritus
734 824 881 888 capesseret,
898 823 993 888 praeter
1009 818 1063 874 uni·

81 919 176 964 uersam
185 905 304 974 temporis
314 904 477 968 atrocitatem,
499 917 571 975 quam
588 901 748 958 communiter
758 915 815 956 cnm
825 901 908 956 multis
918 902 1000 966 sensi,
1012 903 1063 972 ipsa

81 985 262 1060 illapeculiaris
278 987 375 1042 tortum
386 985 480 1051 effecit,
496 999 558 1058 quae
573 991 667 1042 tantum
684 984 760 1040 abluit
776 991 820 1052 ut,
836 984 901 1056 quod
913 983 1064 1042 Domitianus

83 1072 174 1136 voluit,
187 1071 306 1127 mordacis
317 1071 410 1142 ingenii
421 1071 518 1127 aculeos
526 1069 665 1136 hebetaret,
679 1075 707 1125 ut
716 1069 814 1125 eosdem
825 1068 950 1125 elortuito
960 1068 1063 1126 ludurio

84 1156 114 1212 ad
122 1157 210 1212 seriam
220 1154 411 1227 indignationem
420 1154 566 1219 transferret,
581 1168 704 1226 quumque
713 1151 841 1223 promisere
851 1169 899 1210 uon
913 1159 1003 1223 posset,
1015 1168 1063 1225 quc

82 1241 163 1295 minus
175 1255 210 1304 en
222 1253 284 1311 quae
294 1239 320 1294 iu
330 1238 391 1294 urbe
401 1243 549 1310 gererentur,
561 1251 605 1308 per
614 1238 696 1294 literas
707 1237 838 1294 multorum
850 1244 875 1292 et
882 1238 984 1293 nuncios
997 1253 1062 1293 com·

81 1323 178 1395 periret,
189 1323 344 1383 nihilominus
354 1322 384 1377 ab
395 1323 514 1380 illecebris
524 1337 553 1376 ac
562 1323 668 1378 tumultu
677 1321 744 1376 urbis
753 1325 848 1378 remoto
859 1321 935 1376 otium
945 1321 1063 1394 praebuit.

82 1407 152 1464 cuius
171 1406 288 1463 beneficio
299 1407 325 1461 in
341 1421 368 1461 sc
385 1406 540 1462 descenderet
550 1405 772 1478 adulescentiaeque
787 1405 833 1461 sub
849 1403 957 1470 Nerone,
980 1405 1062 1472 Galba,

81 1491 226 1562 Vespasiano
244 1497 311 1546 actae
332 1491 501 1560 experimentis
521 1490 624 1546 recoctis
645 1489 676 1545 ad
694 1504 748 1544 cam
763 1503 860 1545 morum
874 1488 1063 1562 iudiciiquese·

81 1577 206 1632 veritatem
221 1574 369 1647 perueniret,
393 1589 465 1646 quam
481 1574 573 1644 primae
588 1573 670 1629 statim
681 1574 768 1630 satirae
785 1588 840 1628 cum
851 1573 979 1643 splendore
993 1581 1063 1644 atquo

81 1660 193 1716 acumine
214 1659 306 1731 ingenii
326 1659 428 1730 egregie
449 1657 602 1713 coniunctam
625 1656 765 1712 ostendunt.
800 1656 849 1711 llas
868 1657 933 1710 enim
950 1657 1064 1712 reducem

82 1744 181 1800 demum
198 1742 227 1796 ab
245 1742 317 1796 exilio
327 1742 413 1811 primis
429 1741 468 1796 uel
478 1739 570 1796 Neruae
580 1741 618 1795 vel
628 1740 722 1794 limaci
738 1739 937 1809 annisscripsisse
947 1745 971 1794 et
981 1739 1064 1795 Domi-

82 1827 140 1882 tiani
155 1841 233 1894 mors,
253 1839 325 1896 quam
342 1823 392 1880 Sat.
406 1825 508 1881 lVextr.
524 1830 657 1891 memorat,
674 1829 700 1878 et
716 1822 792 1879 Prisci
807 1823 875 1880 ilarii
895 1824 1005 1889 exilium,
1023 1823 1064 1897 qui

81 1911 158 1966 Plinio
170 1915 310 1966 accusatore
320 1923 343 1964 a.
356 1914 408 1967 100
420 1924 445 1980 p.
456 1908 513 1964 Chr.
526 1909 700 1964 condemnatus
709 1914 754 1972 est,
770 1907 900 1964 clarissime
911 1908 1011 1979 proban
1023 1923 1063 1966 ea·

80 1995 183 2050 runderu
203 2000 284 2049 tamen
305 1991 429 2048 mandam
449 1993 500 2048 iere
521 1999 641 2050 maturam
662 1991 751 2048 altillo
768 1993 867 2049 domum
888 1992 988 2048 relatam
1011 2008 1064 2049 esse

83 2078 119 2133 rel
136 2078 193 2136 inde
207 2079 320 2150 colligas,
338 2077 403 2149 quod
413 2077 465 2148 ipse
476 2075 527 2134 Sat.
539 2077 551 2132 l
567 2083 629 2132 extr.
641 2091 668 2132 se
683 2091 768 2134 eurum
783 2077 936 2148 potissimum
948 2077 1064 2148 exemplis

81 2178 181 2218 usurum
192 2177 245 2218 esse
253 2160 392 2233 profitetur,
404 2175 507 2232 quorum
517 2161 580 2218 cinis
589 2160 711 2218 mutatu
728 2159 854 2218 ctLutiuo
866 2167 972 2234 tequurr,
985 2161 1064 2217 scitis·

81 2247 189 2318 sineque
199 2245 334 2318 Madvigius
345 2243 435 2316 Opusc.
455 2245 522 2304 acad.
539 2246 607 2302 alter.
618 2261 643 2316 p.
656 2246 707 2305 185
725 2245 759 2302 ita
775 2245 917 2317 plerumque
927 2244 1063 2302 iuvenalem

81 2331 106 2385 in
124 2331 182 2386 uitia
199 2330 279 2385 iuveln
301 2328 479 2393 animaduertit,
498 2335 525 2386 ut
546 2347 576 2386 ea
592 2329 677 2404 qutun
693 2329 746 2401 ipse
760 2329 896 2386 recitavera
911 2335 1017 2402 tenpore
1034 2328 1064 2385 ud

80 2412 257 2486 mopeinriiuu,
277 2428 308 2466 ec
323 2411 408 2484 qualite
420 2412 530 2467 vimnau
545 2413 654 2484 euenpla
669 2419 758 2477 emat,
780 2429 831 2468 ooo
841 2413 966 2483 diliqertter
976 2413 1062 2469 dutin-

79 2503 140 2570 quot
157 2511 187 2550 ue
202 2511 275 2568 saepe
290 2511 316 2549 re
332 2494 360 2549 in
374 2494 433 2550 duee
443 2495 575 2568 transforat
585 2494 705 2552 imiimi
715 2495 811 2567 fiqurn,
828 2496 941 2568 quonum
950 2496 1064 2552 uniuersa

78 2579 197 2654 foeditas,
216 2578 546 2652 numerumnunerum,
558 2579 690 2637 mortuom
701 2579 768 2635 mum
779 2578 1020 2652 dampnationem
1031 2581 1063 2638 cl.

80 2666 154 2720 etiam
164 2663 292 2720 Paldaruus
306 2662 446 2734 iuiiphem.
458 2664 554 2736 dutiqn.
565 2664 630 2726 stud.
644 2665 857 2735 1843.p.1031;
873 2679 935 2738 quac
945 2680 1019 2736 quum
1030 2666 1065 2722 ita

79 2749 142 2812 sint.
155 2747 259 2804 dubitari
269 2748 311 2803 vix
322 2763 395 2819 posse
410 2747 517 2815 uidetur,
534 2749 592 2821 quin
600 2749 692 2820 primus
707 2755 760 2804 tres
773 2750 902 2805 satirarum
919 2749 993 2806 libros
1005 2765 1064 2823 pau·

80 2847 165 2889 corum
184 2847 301 2888 annorum
321 2832 412 2903 spatio,
431 2838 558 2904 postquam
578 2834 670 2904 patriae
684 2834 792 2890 redditus
815 2840 866 2902 ost,
886 2834 1062 2906 conscripserit,

82 2930 194 2990 nouoque
210 2916 258 2973 hoc
269 2916 438 2972 recitationum
449 2931 540 2989 genere
557 2917 692 2989 aequalium
703 2918 796 2974 animos
806 2917 953 2975 demulserit.
980 2917 1064 2990 Neque

81 3001 318 3072 proiectoaliaaetas
327 2999 385 3056 huic
395 3000 496 3073 negotio
506 3001 585 3072 aptior
595 3008 657 3069 erat,
670 3017 743 3074 quam
753 3001 846 3058 Nervae
857 3001 998 3075 Traianique
1015 3003 1064 3073 pri-

79 3085 180 3150 mordia,
192 3085 280 3158 quihus
292 3084 403 3140 diutuuna
416 3084 511 3142 silentia
521 3085 589 3157 quasi
599 3085 669 3142 obice
680 3085 775 3142 sublato
785 3086 864 3143 soluta
875 3101 928 3142 esse
937 3085 976 3140 vel
987 3085 1064 3141 Taciti

78 3169 194 3242 Agricola
212 3169 284 3226 docet
300 3167 462 3240 paulatimque
481 3169 636 3225 redeuntibus
653 3169 738 3226 animis
747 3185 779 3226 ne
793 3170 946 3226 amrbissima
966 3169 1063 3240 quidem

79 3255 194 3310 duorum
203 3251 357 3326 reprehensio
369 3251 496 3308 offensioni
507 3259 572 3320 erut,
591 3254 647 3325 qnia
663 3254 743 3310 inhac
752 3268 848 3327 quoque
858 3267 936 3308 raram
946 3254 1063 3324 temporis

80 3337 223 3394 felicitatem
241 3351 375 3411 agnoscere
391 3337 437 3392 sibi
449 3335 603 3403 videbuntur,
621 3352 668 3410 qua
686 3339 775 3394 sentire
785 3337 849 3410 quod
865 3336 939 3392 velles
951 3335 1063 3410 quodque

79 3423 183 3478 mutnus
192 3422 272 3496 (licere
281 3421 379 3484 liceret3
389 3420 436 3476 hac
446 3421 522 3494 igitur
530 3427 687 3492 tempestate,
704 3436 780 3493 quum
791 3419 831 3476 alii
844 3420 923 3477 cuitus
933 3421 1062 3478 illustrium

78 3505 186 3562 uirorum
201 3505 273 3575 (Plin.
285 3505 362 3578 Epist.
374 3503 436 3560 Vlll.
448 3510 489 3563 12.
501 3505 533 3573 t)
548 3505 624 3561 literis
633 3505 787 3572 mandarent,
799 3504 839 3560 alii
850 3506 1002 3577 cumprimis
1012 3519 1063 3561 ser·

78 3589 163 3646 uitatis
172 3590 289 3645 memoria
304 3588 467 3662 praesentium
483 3588 603 3644 bonorum
619 3587 785 3646 testimonium
795 3596 983 3662 componerent,
994 3588 1062 3645 lure·
