2552 4028
495 233 621 281 SATIRA
641 233 693 280 111.

94 375 197 452 Atque
221 371 316 433 obiter
339 372 420 450 leget
443 382 491 434 aut
512 372 622 432 scribet
643 372 692 433 vel
715 373 839 434 dormiet
860 374 951 446 intus;

93 457 230 536 Namque
252 455 322 517 facit
343 473 473 526 somnum
490 457 589 518 clausa
609 456 714 517 lectica
736 455 875 518 fenestra.

93 542 174 602 Ante
197 550 292 601 tannen
310 542 424 601 reniet:
445 541 529 601 nobis
553 541 777 620 properantibus
799 541 896 603 obstat

93 625 179 687 Unda
202 627 300 703 prior,
323 642 429 702 magno
451 620 579 705 populus
601 627 707 704 premit
727 624 841 704 agmine
862 627 987 708 lumbos,

93 708 152 783 Qui
173 710 319 788 aequitum
341 709 410 769 ferit
429 709 478 790 bic
498 708 612 785 cubito,
635 709 702 769 ferit
725 726 826 770 assere
850 705 921 770 duro
1036 721 1093 779 adt

92 793 198 870 Alter,
221 801 250 854 at
271 792 318 854 bic
340 796 449 871 tignum
467 793 555 872 capiti
574 794 691 870 incutit,
711 792 764 854 ille
786 803 946 860 metretam.
987 793 989 800 '

93 878 218 954 Pinguia
240 893 325 937 crura
347 877 423 947 luto;
447 877 545 956 planta
564 891 633 937 mox
654 877 780 956 undique
800 895 903 956 magna
1045 875 1047 882 ⁴

93 959 206 1022 Galcor
227 961 304 1021 etin
325 961 416 1040 digito
440 961 540 1021 clarus
562 961 630 1021 rnibi
650 961 748 1020 militis
770 960 882 1022 haeret.

92 1045 199 1105 Nonne
222 1044 321 1121 vides,
345 1054 451 1130 quanto
475 1044 642 1106 celebretur
663 1045 796 1124 sportula
816 1043 917 1106 fumof

94 1126 220 1190 (lentum
243 1131 403 1208 convivae,
427 1131 558 1208 sequitur
575 1145 627 1189 sua
649 1145 794 1209 quemque
816 1129 944 1191 eulina.³
1037 1142 1089 1196 250

93 1210 227 1272 Corbulo
250 1215 299 1272 vix
319 1213 412 1274 ferret
433 1222 478 1273 tot
499 1231 570 1273 vasa
590 1207 734 1291 ingentia,
757 1220 801 1272 tot
821 1209 871 1272 res
1072 1231 1075 1236 ’

91 1296 250 1376 impositas
271 1299 375 1376 capiti,
400 1314 472 1377 quae
494 1306 578 1357 recto
598 1298 711 1358 vertice
733 1303 831 1375 portat

92 1381 236 1441 Servulns
258 1381 361 1441 infelix
382 1391 412 1441 et
432 1399 518 1442 cursu
542 1381 662 1442 ventilat
681 1383 787 1458 ignem.
853 1399 860 1412 ·

93 1464 271 1526 Scindentur
290 1465 405 1526 tunicae
428 1464 650 1534 sartae-'modo;
674 1465 762 1542 longa
785 1473 922 1525 coruscat

92 1549 221 1609 Serraco
243 1550 379 1610 veniente
401 1549 499 1625 abies,
523 1557 610 1626 atque
632 1549 841 1634 alteralpinum
1036 1562 1089 1616 255

91 1632 227 1692 Plaustra
247 1632 370 1701 vehunt3
393 1641 493 1693 nutant
514 1632 573 1691 alte
591 1632 761 1711 populoque
785 1632 936 1690 minantur.
1013 1647 1017 1655 ’

91 1714 168 1774 Nam
191 1715 215 1774 si
237 1714 408 1794 procubuit,
431 1718 480 1794 qui
502 1731 572 1775 saxa
595 1713 741 1791 Ligustica
763 1721 861 1792 portat

91 1798 187 1876 Axis,
212 1806 242 1858 et
265 1815 398 1859 eversum
419 1799 492 1859 fudit
515 1817 603 1876 super
625 1800 738 1876 agmina
759 1794 896 1875 montem,

93 1881 171 1956 Quid
194 1890 333 1961 superest
354 1883 390 1943 de
409 1878 604 1960 corporibus?
627 1884 690 1960 quis
710 1881 853 1958 membra,
873 1883 937 1960 quis
961 1899 1029 1944 ossa
1156 1943 1158 1948 ,

92 1963 229 2026 Invenit?
257 1965 392 2026 obtritum
413 1967 493 2044 vulgi
514 1967 591 2045 perit
612 1982 696 2026 omne
719 1967 846 2028 cadaver
1036 1977 1089 2032 260

91 2048 176 2110 llere
199 2051 325 2121 animam
347 2051 448 2111 domus
470 2052 582 2110 interea
604 2067 709 2111 secura
731 2050 857 2129 patellas

91 2131 151 2193 Iaru
174 2134 253 2194 lavat
275 2143 305 2194 et
326 2133 419 2194 bucca
441 2133 569 2194 foculum
593 2136 702 2195 excitat
722 2143 752 2196 et
775 2142 860 2194 sonat
881 2135 975 2195 unctis
1051 2129 1054 2134 ’

91 2217 250 2296 striglibus
274 2227 303 2278 et
324 2218 413 2296 pleno
438 2219 585 2298 componit
605 2219 694 2278 lintea
715 2218 815 2296 gutte!

91 2291 172 2361 llaec
195 2303 270 2362 inter
290 2318 399 2380 pueros
422 2303 502 2361 varie
523 2311 732 2381 properantur:
755 2301 856 2362 atille

91 2383 150 2445 lam
168 2385 255 2446 sedet
276 2386 305 2444 in
326 2385 390 2463 ripa
412 2393 576 2462 tetrumque
599 2385 730 2444 novicius
752 2384 855 2445 horret
1035 2397 1087 2452 265

91 2467 263 2545 Porthmea,
285 2486 342 2529 nec
365 2477 465 2546 sperat
488 2469 609 2527 coenosi
631 2466 754 2545 gurgitis
776 2465 871 2527 alnum

91 2550 217 2629 Infelix,
241 2570 296 2613 nec
319 2550 408 2613 babet
430 2567 515 2631 quem
537 2552 669 2630 porrigat
689 2565 741 2609 ore
760 2551 905 2610 trientem.

132 2635 264 2715 Respice
283 2654 360 2697 nune
382 2637 438 2697 alia
460 2654 496 2697 ac
517 2637 633 2700 diversa
654 2635 785 2715 pericula
808 2632 918 2695 noctis:

93 2716 179 2791 Quod
202 2721 326 2799 spatium
347 2722 433 2781 tectis
455 2717 642 2798 sublimibus,
669 2719 745 2780 unde
769 2718 920 2782 cerebrum

93 2800 182 2866 'festa
204 2803 288 2881 ferit,
313 2806 428 2884 quoties
451 2805 558 2865 rimosa
576 2814 605 2866 et
627 2813 707 2865 curta
730 2805 867 2865 fenestris
1034 2815 1086 2870 ato

91 2884 170 2948 Vasa
192 2889 313 2958 cadunt;
334 2897 441 2968 quanto
463 2906 633 2967 percussum
655 2889 787 2968 pondere
810 2891 926 2967 signent

92 2965 130 3030 Et
146 2971 262 3033 laedant
280 2972 402 3032 silicem.
447 2969 547 3032 Possis
569 2975 689 3051 ignavus
712 2969 813 3032 baberi

93 3051 131 3114 Et
152 3055 239 3116 subiti
261 3073 347 3117 casus
370 3055 563 3134 improvidus,
587 3057 622 3118 ad
646 3073 766 3117 coenam
787 3057 811 3115 si
851 3061 853 3066 '

93 3134 249 3200 Intestatus
269 3158 334 3210 eas;
358 3139 432 3200 adeo
455 3148 498 3199 tot
519 3139 594 3217 fata,
618 3149 689 3219 quot
712 3141 761 3201 illa

93 3219 187 3283 Nocte
205 3232 305 3303 patent
325 3224 432 3302 vigiles
454 3232 484 3283 te
504 3234 710 3303 praetereunte
732 3225 890 3286 fenestrae.
1031 3231 1085 3288 rto

94 3301 174 3385 Ergo
195 3318 280 3388 optes
300 3317 457 3388 votumque
480 3307 560 3368 feras
579 3308 746 3369 miserabile
766 3316 873 3384 tecum,

94 3385 131 3448 Ut
152 3392 208 3452 sint
228 3401 382 3453 contentae
405 3391 519 3470 patulas
542 3392 701 3453 defundere
723 3389 837 3470 pelves.

94 3467 197 3536 Ebrius
220 3495 256 3538 ac
274 3477 425 3556 petulans,
448 3475 497 3554 qui
518 3477 626 3538 nullum
646 3477 723 3536 forte
744 3475 860 3553 cecidit,

1260 3521 1261 3542 .

136 3578 190 3619 ων.
207 3582 267 3621 sna.
885 3570 902 3624 ²
1180 3559 1261 3972 j
