2592 4022
516 189 642 238 saulus
666 190 744 238 XIII.

128 335 258 414 Effigies
281 333 357 393 inter
377 339 492 392 vestrm
512 338 692 410 statuamque
712 329 841 408 Vagelli.

174 418 308 498 Accipe,
333 433 408 496 quae
432 422 533 475 contra
549 415 647 475 valeat
667 414 772 475 solatia
791 415 871 476 ferre

130 503 170 564 Et
191 503 241 582 qui
262 519 319 562 nec
340 498 486 577 Cynicos,
507 517 566 560 uec
588 501 687 560 Stoica
709 499 845 576 domata
866 500 939 579 legit

131 588 160 648 A
182 586 301 664 Cynicis
322 586 419 646 tunica
441 583 594 660 distantia,
617 600 675 643 non
693 583 880 662 Epicurum.

7 665 8 670 ’
130 671 264 751 Suspicit
282 669 380 747 exigui
401 668 509 728 laetum
531 661 712 747 plantaribus
733 668 818 728 horti.

131 755 279 817 curentur
300 753 379 816 dubii
400 752 522 813 medicis
543 751 702 813 maioribus
722 754 816 830 aegri,

7 849 8 886 1
132 839 176 900 'lu
207 856 310 900 renam
342 837 392 900 vel
424 834 570 916 discipulo
590 838 736 897 committa
754 837 889 916 Philippi.
1077 851 1127 906 115

131 925 164 986 Si
182 923 292 984 nullum
313 917 451 983 interris
473 929 531 981 tam
552 919 729 982 detestabile
751 920 859 982 iactum

126 1006 291 1084 Ostendis,
314 1015 419 1081 taceo,
442 1023 500 1065 nec
523 1006 629 1084 pugnis
655 1005 782 1067 caedere
800 1011 906 1085 pectus

7 1151 8 1154 ,
131 1091 176 1154 'l'e
198 1099 268 1151 veto
291 1107 347 1151 nec
370 1088 456 1168 plana
478 1089 584 1150 iaciem
607 1090 785 1150 contundere
808 1091 918 1170 palma;

134 1174 376 1253 Quandoquidem
399 1183 525 1253 accepto
548 1174 709 1235 claudenda
730 1183 775 1234 est
797 1175 880 1235 ianua
903 1173 1017 1254 damno,

131 1259 171 1321 Et
192 1259 304 1320 maiore
326 1257 428 1318 domus
450 1259 576 1336 gemitu,
596 1260 708 1320 maiore
729 1260 851 1320 tumultu
882 1277 884 1284 ·
1077 1271 1129 1326 130

131 1344 313 1422 Planguntnr
330 1342 450 1418 nummi,
473 1361 558 1423 quam
580 1343 693 1404 iuuere.
737 1342 831 1404 Nemo
854 1341 987 1404 dolorem

131 1421 230 1505 Fingit
251 1428 280 1486 in
299 1425 358 1487 boc
380 1444 466 1505 casu,
485 1437 599 1487 vestem
620 1427 759 1487 diducere
780 1443 918 1488 summam

135 1510 312 1587 Contentus,
335 1527 446 1570 vexare
470 1511 573 1573 oculos
592 1511 714 1571 humore
737 1521 857 1572 coacto:

131 1594 269 1657 Ploratn'r
290 1594 417 1655 lacrimis
441 1595 547 1655 amissa
569 1595 693 1674 pecnnia
711 1596 800 1654 veris.

133 1679 194 1741 Sed
217 1679 242 1739 si
264 1687 368 1741 cuncta
389 1677 473 1739 vides
496 1679 667 1741 simili'iora
687 1679 776 1758 plena
798 1679 942 1759 querella,
1054 1691 1128 1780 ‚135
1192 1747 1204 1767 x

133 1764 165 1826 sl
189 1763 291 1824 decies
313 1762 399 1823 lectis
420 1761 537 1824 diversa
559 1772 643 1843 parte
662 1763 781 1824 tabellis
1159 1773 1192 1833 p*

132 1847 215 1910 Vana
236 1849 412 1926 supervacui
434 1847 531 1908 dicum
557 1847 753 1926 chirographa
773 1847 856 1926 ligni,
1089 1817 1159 1928 &just

133 1933 240 2011 Arguit
261 1933 391 2011 ipsorum
414 1948 488 2010 qnos
511 1932 607 1994 littera
630 1937 803 2010 gemmaque
826 1932 965 2013 princeps
1081 1885 1104 1982 i

134 2015 369 2093 Sardonycbum,
389 2015 495 2077 loculis
519 2035 593 2096 quae
618 2016 778 2078 custoditur
800 2017 935 2077 eburnis:

134 2101 224 2177 'len’‚
248 2118 267 2160 o
290 2099 428 2162 delicias!
452 2109 534 2162 extra
560 2102 719 2162 communia
739 2117 845 2162 censes
1078 2109 1129 2162 140

134 2184 320 2262 Ponendum,
342 2179 408 2264 qnia
424 2194 454 2245 tu
477 2185 603 2264 gallinae
626 2186 701 2247 lilius
722 2185 819 2263 albae,

132 2265 195 2329 llos
217 2269 293 2330 viles
316 2269 407 2348 pulli,
430 2272 488 2329 nati
509 2269 675 2329 infelicibus
699 2266 783 2329 ovis?

134 2353 208 2414 Rem
227 2353 338 2433 pateris
360 2353 504 2414 modicam
526 2361 555 2414 ot
576 2352 717 2413 mediocri
737 2351 796 2412 bile
819 2350 979 2428 ferendam,

136 2439 166 2498 Si
188 2436 292 2498 doctas
315 2437 419 2498 oculos
440 2438 551 2499 maiora
573 2437 608 2498 ad
632 2437 759 2498 crimina.
807 2431 917 2494 Gouier

136 2519 317 2582 Conductum
336 2521 496 2600 latronam,
519 2519 653 2582 incendia
685 2522 795 2583 sulfure
836 2527 943 2597 coepta
1078 2529 1129 2580 145

135 2606 233 2684 Atque
255 2605 342 2682 dolo,
366 2607 476 2686 primos
498 2623 585 2686 quum
607 2608 690 2668 ianua
714 2603 826 2682 colligit
847 2604 948 2681 iguem

135 2687 247 2750 Gonier
269 2700 299 2752 et
320 2689 393 2769 bos,
414 2692 525 2752 veteris
549 2692 598 2772 qui
619 2689 724 2752 tollunt
744 2687 867 2768 grandia
889 2686 990 2766 templi

134 2773 244 2834 Pocula
262 2775 429 2836 adorandae
452 2774 594 2854 robiginis
613 2785 641 2836 et
663 2774 839 2854 populorum

134 2857 219 2918 Dona
241 2859 291 2920 vel
308 2860 426 2939 antiquo
448 2861 560 2939 positas
581 2877 597 2920 a
619 2879 693 2937 rege
716 2872 851 2920 coronae.

135 2941 216 3014 llaec
237 2942 277 3003 ibi
296 2944 321 3003 si
339 2960 397 3003 non
420 2951 502 3020 sunt,
524 2945 617 3004 minor
639 2953 734 3004 exstat
756 2942 938 3018 sacrilegus,
965 2939 1013 3018 qni
1079 2951 1132 3004 ltu

136 3025 230 3087 Radat
250 3028 372 3090 inaurati
391 3027 485 3088 lemur
500 3025 635 3090 Herculis
659 3038 688 3088 et
711 3028 817 3088 faciem
838 3027 930 3104 ipsam

135 3107 278 3190 Neptuni,
301 3114 350 3192 qni
371 3111 552 3175 bracteolam
575 3113 613 3172 dc
636 3110 761 3173 (instare
784 3110 885 3178 ducat3

135 3194 181 3254 bu
203 3194 331 3275 dubitet,
356 3196 457 3257 solitus
470 3197 569 3257 'totum
592 3197 720 3258 condere
744 3187 925 3256 Tonantem?

136 3274 247 3340 (iouier
269 3290 299 3341 et
320 3280 449 3343 ariiiicas
468 3290 721 3360 mercatoremque
743 3280 849 3339 veneni

135 3357 172 3423 lit
194 3362 396 3427 deducendum
414 3368 496 3427 corio
515 3365 599 3426 bovis
619 3367 648 3424 in
669 3381 765 3440 mare,
788 3381 852 3424 curn
875 3375 933 3442 quo
1078 3369 1131 3423 155

136 3441 286 3510 clauditur
307 3449 439 3510 adversis
460 3451 578 3511 innoxia
600 3450 682 3510 simia
700 3449 778 3509 latis.
