2552 4028
483 229 693 281 mauro.
1028 234 1078 285 XV

92 407 137 421 -
144 378 226 445 eoo),
242 387 342 447 eamque
351 387 395 446 per
409 379 540 430 noceamus
550 375 732 432 comissationes
747 375 784 444 (a.
795 379 848 434 eol
859 403 895 420 ·-·
902 379 969 446 dle)
979 378 1077 435 dmic-

92 461 260 531 stiuaramquc
281 457 428 530 religionum
443 459 584 529 spurcitiem
610 459 652 526 (r.
663 460 858 529 eil-uel).
872 475 916 532 per
932 461 1078 520 iuncum

92 551 207 615 sumptus
216 542 262 610 (a.
273 545 326 603 352
335 569 372 584 -
380 542 465 610 ³65).
478 548 562 614 turpes
570 557 666 598 amores
676 544 713 609 (r.
721 545 772 602 eeu
781 547 900 614 —eltl).
913 546 1074 618 arrogantiam

93 620 309 696 (rese-lut),
322 625 680 696 incommutatus-lue)
690 626 851 700 stolidumque
859 628 898 685 uel
909 629 1077 702 mameae

92 712 133 779 (u.
142 713 198 770 lle
206 739 243 752 -·
251 711 318 780 lsi)
335 709 374 766 tel
387 711 560 782 grammaticae
572 710 713 767 muueris
723 711 909 768 ostentationem
926 713 963 781 (v.
974 715 1028 772 131
1034 741 1072 756 -··

91 797 161 862 4⁵6)
172 793 202 850 ad
213 795 361 851 domesticae
371 794 493 852 foeditatis
502 809 588 850 areana
596 795 749 867 persequitur
765 793 801 862 (r.
812 797 910 854 dei-
919 799 1000 867 lld)t
1009 797 1075 854 unde

90 879 142 935 iam
152 886 236 951 quarta
245 878 333 934 satirae
348 893 404 950 pars
414 879 522 949 prolecta
534 885 560 934 et
574 879 737 952 quotidianam
746 886 851 935 matrum
860 880 962 936 limilias
971 881 1074 938 crudeli·

90 969 169 1019 tatem
181 963 398 1031 (v.l·14-sn¹l)
409 968 435 1017 et
444 961 559 1018 uelandus
572 962 755 1033 superstitiones
767 963 858 1034 aperit,
869 963 957 1036 quilius
965 979 1075 1021 summas

91 1047 184 1118 pariter
193 1052 265 1118 atque
275 1044 372 1101 intimae
382 1045 526 1102 conditionis
536 1046 649 1102 mulieres
659 1059 757 1117 operam
773 1047 832 1104 dent
843 1046 879 1115 (v.
892 1051 1073 1120 608-591),

89 1131 137 1186 nisu
149 1129 215 1203 quod
223 1129 269 1184 hae
278 1128 365 1185 sallom
376 1128 458 1186 liberie
468 1130 622 1203 procreandis
629 1129 711 1186 officio
721 1145 795 1188 sexus
805 1138 925 1196 constmt,
939 1131 994 1188 illae
1003 1133 1074 1189 altor·

89 1215 170 1280 tium,
191 1214 370 1286 suppositione,
382 1214 496 1270 caedibus
510 1214 550 1270 vel
565 1214 659 1287 uagina
673 1215 783 1286 exempla
798 1223 914 1287 superent
924 1216 961 1283 (u.
974 1219 1072 1276 592—-

89 1299 166 1367 eet).
200 1297 351 1370 Quamquam
367 1298 451 1370 paucis
467 1297 507 1355 lais
530 1298 600 1354 ineis
616 1291 736 1355 uierima
753 1299 943 1372 eloquentissimi
961 1301 1073 1356 carminis

89 1383 174 1455 imago
189 1398 238 1439 uon
255 1381 399 1444 absolvitur:
416 1382 441 1438 id
456 1383 536 1454 ipsum
547 1390 626 1438 tamen
637 1398 712 1454 quum
722 1398 799 1454 nuper
808 1383 915 1457 eleganti
931 1383 1072 1455 interpreta-

90 1467 156 1521 tione
165 1465 333 1522 illustrandum
346 1465 393 1521 sihi
403 1467 556 1538 proposuerit
565 1466 719 1522 muliebrium
733 1473 884 1524 seemtcrum
894 1467 1073 1538 experientissi-

89 1563 145 1606 mus
159 1549 255 1622 collega
266 1548 392 1605 liduardm
407 1549 438 1606 de
448 1547 562 1617 Siebcid‚
582 1550 612 1607 ad
624 1549 696 1606 huius
706 1552 906 1608 commentarium
922 1550 1072 1624 Brnusuigae

89 1636 160 1692 1854
177 1633 269 1688 editum
279 1632 411 1689 lectoribus
427 1634 533 1689 remissis
544 1634 609 1690 tetii
619 1633 674 1689 libri
689 1634 774 1690 satiras
783 1641 812 1689 ut
822 1634 914 1690 ambitu
923 1635 1029 1690 minores
1038 1636 1072 1690 lta

89 1717 120 1771 ad
131 1715 378 1771 circumscribendum
394 1717 555 1786 expeditiores
573 1717 729 1773 inveniemus
757 1715 851 1788 Nempe
866 1717 966 1790 amdam
979 1718 1072 1774 studio·

88 1813 143 1855 rum
162 1803 266 1870 etspenr
283 1804 309 1853 et
325 1799 444 1854 mdonem
455 1815 552 1857 omnem
569 1800 657 1856 insola
677 1800 820 1871 imperatore
830 1802 932 1871 positam
949 1802 1069 1875 agnoseit,

88 1897 161 1956 quern
177 1882 305 1938 Traianum
321 1881 457 1939 habendum
476 1899 530 1940 esse
547 1886 571 1940 in
587 1883 843 1941 proeminentes
861 1888 930 1945 leue
945 1886 1031 1952 emtis.
1042 1894 1070 1942 ut

88 1966 241 2032 mildridam,
255 1967 405 2040 argumentis
415 1968 488 2031 esich
499 1967 570 2026 huius
580 1975 662 2026 autom
672 1969 789 2026 honorem
797 1970 902 2042 praelata
914 1970 951 2039 (a.
962 1970 1069 2039 1—au)

87 2051 151 2123 apud
163 2050 269 2124 reliquos
280 2051 391 2124 aequales
400 2052 466 2108 nuda
479 2053 554 2109 literis
561 2054 667 2125 praemia
676 2059 719 2109 aut
727 2054 846 2125 praesidia
856 2060 938 2125 parata
948 2069 1002 2110 esse
1011 2067 1069 2125 quc-

86 2136 147 2190 rr’tur
156 2135 316 2208 miseramque
332 2134 481 2192 emditcrum
491 2137 653 2194 conditionem
670 2153 714 2210 per
726 2139 832 2210 quinque
843 2152 935 2211 genera
944 2143 1069 2209 poetarum

87 2219 124 2286 (r.
134 2224 213 2278 ii-
222 2221 286 2290 97),
302 2218 474 2276 histodcomm
487 2221 525 2290 (v.
535 2225 570 2282 98
582 2225 704 2293 -105)‚
724 2222 900 2280 causidicorum
917 2221 954 2290 (s.
969 2225 1068 2280 106-

87 2305 165 2377 149),
182 2303 306 2366 rhetomm
317 2306 354 2374 (v.
368 2310 420 2364 15⁰
431 2309 557 2378 -214)‚
568 2307 783 2378 grammaticorum
805 2306 843 2373 (a.
854 2307 1025 2376 215-243)
1035 2304 1069 2360 ita

86 2392 212 2459 describit,
229 2397 257 2447 at
268 2405 325 2447 cum
336 2390 507 2462 opulentorum
522 2389 634 2446 sordibus
643 2390 715 2445 dmul
731 2397 812 2446 tamen
825 2391 901 2461 ipsam
911 2390 1014 2446 istorum
1023 2387 1069 2444 bo·

87 2476 178 2531 minum
188 2477 316 2532 vanitatem
327 2474 358 2531 ad
368 2474 429 2529 lucri
440 2473 576 2545 cupidinem
583 2474 742 2544 compositam
752 2473 914 2544 rideateoque
923 2474 987 2529 laeto
999 2471 1068 2528 lune-

86 2567 147 2616 stam
164 2561 280 2632 pecuniae
290 2559 340 2615 rim
357 2559 382 2613 in
393 2556 441 2614 lion
451 2571 548 2630 quoque
556 2570 648 2630 genere
660 2556 757 2627 ancipiti
768 2569 869 2612 censura
879 2562 955 2612 notet.
984 2555 1069 2626 Neque

86 2652 184 2701 edoceo
197 2645 277 2700 miurus
287 2643 410 2700 luculenta
421 2642 550 2714 descriptio
560 2648 612 2705 eet:
625 2642 694 2698 cuius
705 2655 779 2714 quum
791 2640 928 2697 uuiversum
938 2654 1068 2714 argumen-

86 2736 138 2785 tum
147 2729 173 2785 iu
183 2729 270 2786 stolida
279 2726 411 2784 nobilitatis
427 2727 564 2799 arrogantia
576 2733 698 2794 versetur,
710 2725 774 2781 unde
785 2724 912 2782 Ponticum
928 2725 1068 2782 adolescen-

85 2822 134 2868 tem
142 2813 173 2869 ad
182 2813 278 2868 urtntis
288 2813 365 2868 antae
375 2811 533 2868 imitationem
545 2810 670 2867 traducere
675 2811 765 2874 studet,
775 2809 884 2881 primuni
887 2809 1006 2866 maiorum
1015 2809 1068 2866 lau·

85 2898 154 2962 dem,
172 2898 218 2952 uisi
234 2903 387 2968 posterorum
403 2896 495 2952 meritis
512 2901 641 2968 aequetur,
660 2894 699 2950 luis
716 2895 774 2965 ipsis
789 2893 888 2950 officere
904 2894 984 2966 magis
995 2908 1067 2965 quam

84 2981 198 3052 prodesse
206 2982 313 3038 ostendit
324 2981 363 3048 (v.
375 2986 390 3038 l
401 3007 438 3020 ·-
448 2982 511 3051 lo);
525 2980 612 3037 deiude
620 2979 696 3035 nobil
705 2978 866 3042 adolescenti.
884 2979 927 3050 qui
936 2975 1068 3032 mundius

85 3065 172 3137 dignus
182 3065 236 3121 llcri
252 3066 346 3137 cupiat,
364 3079 439 3137 quum
451 3065 496 3122 alia
506 3071 635 3136 praecepta
649 3070 702 3119 tum
712 3063 849 3134 provinciae
858 3069 926 3118 recte
936 3068 961 3117 et
971 3061 1067 3132 integre

85 3150 284 3206 administrandae
299 3149 368 3222 leges
385 3148 426 3204 dat
443 3149 479 3217 (v.
492 3149 571 3206 tl—
582 3147 728 3222 lll);‚hinc
739 3146 770 3203 ad
780 3147 871 3220 reliqua
880 3145 998 3201 nubilum
1009 3143 1065 3198 vitia

84 3240 241 3307 transgressa.
249 3234 490 3308 generosissimarum
515 3233 658 3289 familiarum
681 3232 767 3304 probru
783 3229 928 3303 turpissimis
944 3227 1064 3294 lateram,

85 3318 229 3391 Damasippi,
242 3319 344 3375 Gracchi
354 3318 477 3392 ipsiusque
484 3317 589 3375 Neronis
598 3318 714 3390 exemplis
723 3317 837 3390 proponit
843 3315 879 3382 (u.
889 3313 1064 3382 141·-13(1);

84 3411 205 3472 menenio
215 3410 243 3460 ut
254 3405 367 3460 muntem
382 3402 460 3459 solam
470 3409 542 3476 atque
552 3403 648 3459 unicam
657 3400 806 3458 nobilitatem
819 3413 872 3455 esse
882 3397 952 3469 pleae
963 3397 1064 3454 deuncu-

84 3494 155 3556 stret,
173 3494 310 3560 comparata
321 3487 439 3544 nobilium
456 3487 648 3561 ignobiliumque
663 3485 789 3542 hominum
801 3484 918 3540 memoria
928 3481 1063 3540 lotherum

84 3570 197 3628 beneficia
208 3579 268 3645 quot
277 3573 374 3630 illorum
383 3571 477 3646 degitis
488 3579 599 3628 consere
608 3571 681 3627 dccet
694 3570 906 3639 (vasu-tte),
917 3577 1062 3640 quemquem
