2592 4022
199 227 240 290 92
527 239 564 287 o.
584 237 656 286 rus.
680 234 866 286 ruvunnnrs

201 377 336 442 Clamore
358 395 393 440 ac
414 386 483 457 post
507 377 583 438 baec
605 375 718 438 tabulas
739 384 850 437 mutare
875 374 1007 456 parabis:
1153 387 1190 444 55
1292 391 1293 446 j

199 462 282 524 Unde
303 461 356 522 tibi
377 462 502 522 frontem
524 461 747 540 libertatemque
769 463 909 540 parentis,
1292 465 1293 476 ¹

201 544 294 619 Quum
314 545 406 607 iacias
430 545 533 625 peiora
555 561 648 606 senex
669 561 850 623 vacuumque
875 543 999 606 cerebro

198 629 258 690 lanu
281 629 393 708 pridem
416 638 503 708 caput
526 628 585 689 lucc
609 637 732 690 ventosa
757 628 906 689 cucurbita
933 625 1076 708 quaerat?

242 711 366 792 Hospite
388 721 527 791 venturo,
551 712 679 774 cessabit
703 728 789 773 nemo
815 721 938 774 tuorum.

200 795 295 857 Verre
316 797 525 877 pavimentum,
548 797 652 858 nitidas
675 795 799 857 ostende
820 796 980 871 columnas,
1155 805 1192 862 6⁰
1292 863 1293 878 ,

200 881 291 943 Arida
314 899 378 940 cum
401 889 461 942 tota
486 880 647 942 descendat
669 897 775 942 aranea
797 881 867 958 tela,

199 963 254 1026 llic
276 963 343 1025 leve
367 973 535 1043 argentum,
559 982 629 1026 vasa
653 982 759 1044 aspera
781 971 898 1042 tergeat
920 962 1010 1024 alter:

201 1047 268 1110 Vox
290 1047 396 1109 domini
421 1049 488 1110 furit
513 1050 644 1110 instantis
665 1050 833 1128 virgamque
857 1048 994 1110 tenentis.

199 1131 281 1209 Ergo
303 1134 393 1193 miser
414 1131 559 1212 trepidas,
581 1151 618 1193 ne
641 1142 773 1194 stercore
795 1132 883 1194 foeda
906 1131 1008 1192 canino

201 1216 283 1276 Atria
305 1215 479 1294 displiceant
501 1216 595 1276 oculis
619 1218 762 1277 venientis
787 1217 881 1293 amici,
1155 1225 1192 1281 6⁵

198 1298 244 1359 lle
267 1298 388 1377 perlusa
416 1298 477 1359 luto
503 1299 541 1360 sit
564 1301 709 1379 porticus:
736 1309 881 1360 ettamen
901 1315 958 1360 uno

200 1382 339 1444 Semodio
364 1382 464 1443 scobis
486 1382 562 1444 baec
585 1383 719 1445 emendat
743 1383 878 1445 servulus
902 1401 989 1444 unus:

199 1463 275 1528 Illud
300 1483 360 1527 non
386 1469 495 1546 agitas,
520 1477 552 1528 ut
573 1476 703 1530 sanctam
722 1467 798 1529 lilius
821 1468 897 1529 omni

199 1550 334 1629 Aspiciat
352 1551 416 1610 sine
442 1550 510 1612 labe
534 1551 648 1612 domurn
671 1553 803 1632 vitioque
828 1547 995 1612 carentem?

201 1631 319 1695 Gratum
344 1643 406 1712 est,
432 1635 509 1713 quod
531 1637 643 1714 patriae
668 1637 762 1697 civem
785 1635 956 1715 populoque
982 1633 1097 1711 dedisti,
1155 1641 1192 1698 'to

200 1718 232 1777 Si
254 1718 329 1779 lacis
354 1727 385 1779 ιιι
411 1720 523 1798 patriae
547 1720 585 1780 sit
609 1719 751 1796 idoneus,
778 1719 856 1780 utilis
880 1721 970 1797 agris,

200 1799 286 1862 Utilis
310 1811 341 1862 et
364 1801 510 1863 bellorum
531 1812 561 1864 et
584 1804 666 1883 pacis
687 1802 777 1864 rebus
802 1803 933 1882 agendis.

200 1883 356 1946 Plurimum
377 1887 451 1946 enim
471 1888 620 1964 intererit,
643 1885 746 1967 quibus
765 1887 873 1948 artibus
894 1896 924 1946 et
942 1885 1046 1966 quibus
1065 1886 1143 1948 bunc
1161 1894 1191 1946 ιιι

199 1965 331 2029 lloribus
356 1969 498 2030 instituas.
538 1971 683 2050 Serpente
706 1973 819 2032 ciconia
838 1970 936 2050 pullos

200 2049 297 2112 Nutrit
322 2061 352 2112 et
372 2054 489 2114 inventa
512 2070 568 2132 per
592 2053 676 2114 devia
696 2072 762 2115 rura
786 2055 911 2115 lacerta:
1156 2061 1191 2117 ta

201 2133 248 2195 llli
274 2135 378 2197 eadem
405 2137 526 2216 sumptis
554 2145 697 2216 quaerunt
719 2138 851 2199 animalia
874 2139 978 2218 pinnis.

199 2217 306 2278 Vultur
330 2220 457 2281 iumento
481 2230 511 2282 et
535 2221 653 2284 canibus
677 2221 871 2303 crucibusque
891 2222 1002 2283 relictis

200 2300 247 2364 sd
273 2302 350 2363 letus
379 2313 521 2384 properat
543 2313 714 2386 partemque
740 2306 891 2367 cadaveris
913 2305 1012 2367 affert:

199 2383 254 2447 llic
280 2396 326 2448 est
348 2405 421 2468 ergo
444 2389 526 2449 cibus
548 2391 644 2467 magni
666 2406 784 2470 quoque
805 2389 927 2451 vulturis
952 2398 1037 2450 etse

199 2469 367 2549 Pascentis,
389 2475 509 2552 propria
531 2492 617 2553 quunr
638 2475 693 2536 iam
714 2473 783 2534 lacit
804 2472 910 2536 arbore
932 2473 1026 2535 nidos.
1154 2479 1192 2536 80

200 2553 260 2614 Sed
283 2554 416 2635 leporem
441 2567 490 2618 aut
516 2576 652 2638 capream
674 2557 799 2618 famulae
822 2556 901 2619 lovis
922 2566 952 2618 et
971 2573 1137 2637 &derosae

199 2635 232 2696 ln
254 2637 330 2699 saltu
352 2649 494 2700 venantur
515 2659 603 2719 aves,
625 2641 693 2702 binc
714 2641 824 2720 praeda
850 2640 939 2703 cubili

198 2719 334 2782 Ponitur:
356 2723 423 2783 inde
446 2731 541 2784 autern
562 2742 649 2805 quum
670 2742 704 2784 se
724 2733 833 2786 matura
855 2723 963 2786 levabit

198 2803 377 2883 Progenies,
402 2806 566 2868 stimulante
588 2809 665 2869 lanso
687 2809 806 2869 festinat
824 2807 861 2869 ad
881 2809 970 2885 illam,

200 2886 292 2962 Quam
314 2892 435 2968 primum
451 2890 589 2971 praedam
611 2901 696 2972 rupto
719 2901 889 2970 gustaverat
910 2909 978 2952 ovo.
1153 2899 1190 2955 8⁵

241 2971 422 3035 Aedificator
443 2983 507 3036 erat
529 2973 682 3036 Cretonius
715 2986 745 3037 st
776 2975 863 3037 modo
891 2992 980 3036 curvo

198 3054 297 3117 Litore
320 3055 457 3136 Caietae,
481 3077 589 3121 summa
611 3079 687 3121 nuuc
707 3059 821 3122 Tiburis
844 3077 924 3135 arce,

198 3137 283 3200 Nunc
303 3140 501 3204 Praenestinis
523 3145 551 3205 in
572 3142 717 3205 montibus
740 3145 798 3206 alta
821 3143 941 3224 parabat

200 3220 331 3285 Cubniua
349 3226 483 3287 villarum
500 3226 619 3290 Graecis
643 3228 790 3307 longeque
811 3229 909 3307 petitis

197 3305 407 3386 llarmoribus,
428 3312 548 3372 vincens
570 3312 716 3373 Fortunae
738 3321 826 3392 atque
846 3309 981 3373 Herculis
1003 3310 1116 3388 aedem,
1152 3320 1188 3377 90

197 3390 240 3452 Ut
258 3391 351 3470 spado
372 3393 509 3456 vincebat
530 3393 676 3476 Capitolia
697 3405 797 3456 nostra
818 3394 950 3456 Posides.

202 3475 280 3535 Dum
295 3475 339 3534 sic
359 3493 432 3553 ergo
454 3477 564 3541 habitat
586 3478 763 3557 Cretonius,
800 3479 938 3540 imminuit
959 3496 1031 3552 rem,
