2592 4022
203 237 245 301 90
530 245 566 292 n.
589 243 660 292 run.
683 238 869 290 tumusnrs

204 389 352 451 balantem
376 393 406 445 et
428 377 547 444 Laribus
570 382 686 443 oristam
707 381 879 462 promittere
897 381 971 460 galli

204 473 270 535 Non
294 470 415 537 audent;
439 466 508 546 quid
530 468 605 527 'enlm
626 478 749 544 sperare
772 465 944 527 noeentibus
967 467 1065 544 aegris

206 549 407 616 Concessum?
427 549 477 612 vel
502 568 576 629 quae
599 563 656 610 non
679 548 794 627 dignior
814 549 911 611 bestia
929 547 1011 611 vital
1141 562 1197 619 aas.

204 639 322 701 Mobilis
346 646 375 698 et
395 636 476 697 varia
499 643 544 695 est
566 635 658 696 ferme
675 642 779 696 natura
800 633 949 695 malornm.

206 724 299 798 Quum
320 721 418 782 seelus
440 719 604 795 admittunt,
628 725 763 797 superest
785 721 961 788 constantim
985 719 1053 798 qnid
1074 721 1119 782 ias

204 808 303 887 Atque
326 805 429 880 nefas,
452 803 567 864 tandem
591 803 731 881 incipiunt
753 804 863 863 sentire
883 805 1013 882 parastis

206 889 389 952 criminibus.
422 887 532 948 'lamen
553 887 589 947 ad
611 902 709 946 mores
730 895 832 948 natura
853 889 978 948 recurrit

204 975 379 1050 Damnatos‚
403 972 460 1032 lixa
482 981 512 1032 et
534 972 635 1032 mutari
656 972 766 1031 neseis.
797 968 870 1032 Nam
892 972 956 1050 quis
1142 984 1197 1038 240

205 1057 349 1122 Peeeandi
372 1055 457 1117 linem
478 1057 577 1135 posuit
597 1051 673 1115 sinit
696 1055 810 1134 quando
832 1057 948 1134 recepit

204 1143 338 1204 Eiectum
358 1139 451 1200 semel
473 1140 569 1201 attrita
590 1139 628 1200 de
651 1137 747 1199 ironte
769 1137 926 1200 ruborem?

206 1225 343 1300 Quisnam
366 1223 510 1285 hominum
532 1232 594 1298 est,
619 1237 705 1301 quern
726 1231 757 1283 tu
781 1231 947 1284 sorrentum
965 1223 1074 1286 videris
1093 1243 1151 1288 nno

205 1305 351 1387 Flagitioi
382 1306 461 1368 dabit
482 1307 510 1366 in
535 1307 669 1384 laqueum
690 1308 816 1384 vestigia
838 1317 940 1368 noster
1010 1320 1015 1330 ·

205 1393 336 1454 Perfidus
361 1400 389 1451 et
411 1391 485 1469 nigri
507 1391 632 1471 patietur
654 1391 782 1450 eareeris
803 1408 907 1452 oneum
1143 1404 1197 1461 245

205 1478 264 1538 Ant
284 1477 370 1538 maris
392 1475 507 1554 Aegaei
531 1489 633 1553 rupem
655 1474 856 1554 scopulosque
879 1477 1050 1556 frequentes

205 1559 348 1621 Exulibus
368 1561 490 1636 magnis.
520 1558 619 1619 Poena
639 1557 782 1635 gaudebis
805 1577 902 1621 amara

205 1644 335 1705 Nominis
357 1644 459 1720 invisi,
482 1642 656 1722 tandemque
678 1642 811 1703 fatebere
833 1643 937 1724 laetus,

204 1726 269 1789 Nee
291 1728 407 1790 surdum
430 1745 486 1788 nee
507 1726 639 1788 Tiresian
672 1734 844 1806 quemquam
867 1745 935 1790 esse
959 1730 1088 1792 deorum.

522 2058 758 2124 SATIRA
793 2059 887 2125 XIV.

204 2189 339 2283 Plurima
362 2225 443 2292 sunt,
466 2215 607 2295 interne,
633 2227 662 2278 et
682 2219 757 2280 lama
781 2219 866 2298 digna
892 2218 1007 2279 sinistra

204 2306 243 2367 Et
267 2300 364 2362 nitidis
386 2300 527 2362 maculam
552 2301 704 2365 haesuram
728 2305 846 2382 igentia
869 2301 969 2378 rebus,

205 2389 288 2464 Quae
310 2394 470 2447 monstrant
494 2387 551 2465 ipsi
574 2389 674 2466 pueris
695 2387 868 2466 traduntque
890 2395 1037 2466 parentes.

205 2475 236 2536 Si
262 2471 400 2532 damnosa
427 2488 527 2531 senem
551 2472 630 2532 iuvat
650 2472 731 2549 alea,
758 2472 829 2533 ludit
850 2479 879 2531 et
900 2470 988 2531 heres

205 2555 335 2618 bullatus
358 2571 509 2635 parvoque
533 2555 635 2617 eadem
657 2566 755 2617 movet
774 2571 856 2617 'arma
875 2553 988 2615 fritillo.
1180 2569 1196 2618 5

204 2639 269 2700 Nee
289 2638 392 2698 melius
413 2638 451 2700 de
472 2657 505 2699 se
528 2641 660 2720 culquam
683 2657 804 2720 sperare
825 2641 990 2720 propinquo

206 2721 358 2784 Goneedet
379 2723 508 2799 invenis,
537 2726 585 2802 qui
606 2725 711 2785 radere
731 2723 835 2786 tubera
858 2731 965 2800 terrae,

204 2806 339 2868 Boletum
361 2804 481 2866 eondire
504 2817 533 2866 et
556 2808 661 2868 eodem
683 2809 746 2869 inre
771 2817 903 2870 natantes

204 2891 344 2969 llergere
368 2888 508 2950 doednlas
533 2890 648 2969 didicit,
670 2891 818 2955 nebulone
840 2899 963 2972 parente

203 2975 243 3037 Et
269 2992 340 3036 rana
361 2980 539 3035 monstrante
562 2974 647 3054 gula:
671 2995 757 3057 quum
781 2978 919 3056 septimus
941 2991 1032 3034 annus
1162 2987 1197 3037 ιο

205 3059 366 3121 Transierit
384 3075 521 3137 puerum,
548 3059 673 3122 nondum
698 3063 774 3122 omni
796 3062 884 3122 dente
906 3067 1020 3136 renato,

204 3143 347 3205 Barbatos
372 3141 444 3203 lieet
463 3143 620 3208 admoveas
646 3146 726 3208 mille
746 3147 812 3207 inde
836 3145 1003 3223 magistros,

204 3228 278 3289 llino
299 3225 435 3303 totidem,
461 3230 560 3308 onpiet
582 3230 661 3291 lanto
688 3247 815 3293 coenare
841 3237 943 3310 paratu

205 3314 329 3389 Semper
355 3319 385 3370 et
409 3329 427 3371 a
451 3328 631 3390 magnanon
653 3315 835 3393 degenerare
859 3312 964 3374 rufina.

204 3393 303 3456 blitern
325 3395 448 3456 animum
472 3405 502 3456 et
522 3413 621 3458 mores
645 3400 767 3461 modieis
786 3397 935 3460 erroribus
962 3410 1074 3474 seqaros
1164 3403 1198 3457 lt

204 3476 350 3556 Praecipit
376 3487 464 3559 atque
486 3483 594 3543 animas
617 3501 769 3546 serrorum
792 3493 821 3546 et
848 3497 975 3562 eorpora
999 3487 1100 3540 noema
