2552 4028
194 205 235 266 20
527 220 551 266 o
579 220 649 268 rum.
667 219 853 267 munusue

196 359 305 434 Quales
328 367 396 418 tuno
416 359 517 437 epulas
538 360 631 438 ipsum
653 360 789 437 gluttisse
810 367 942 438 putamus

195 444 450 522 lnduperatorem,
473 460 560 520 quum
585 451 629 503 tot
649 445 803 518 sestertia,
824 451 937 521 partem

194 527 338 604 Exiguam
361 535 390 586 et
410 525 542 586 modicae
566 536 707 607 sumptam
729 526 766 586 de
788 527 917 603 margine
940 543 1062 606 coenae,

194 611 361 689 Purpureus
383 611 478 688 magni
500 612 621 671 ruotarit
643 628 744 671 soarra
766 608 867 684 Palati,

195 692 254 754 lam
277 694 414 773 prinoeps
437 695 581 772 equitum,
605 712 708 773 magna
730 695 779 776 qui
801 710 877 754 roos
900 694 1016 756 solebat

195 777 333 838 Vendere
355 779 515 857 municipes
537 779 629 839 lraota
651 780 688 839 de
709 794 809 840 meroe
831 775 960 840 siluros?

195 861 312 940 Incipe,
337 860 487 942 Calliope,
509 862 579 923 lieet
602 873 632 923 ot
655 863 826 924 considere:
849 878 907 922 non
932 872 977 923 est

197 944 390 1024 Cantandum,
413 965 462 1007 res
485 964 554 1006 vera
578 949 687 1025 agitur;
710 954 841 1022 narrate,
864 946 982 1025 puellae

196 1031 344 1100 Pierides;
368 1031 462 1108 prosit
484 1029 551 1090 mibi
571 1046 626 1090 vos
648 1031 757 1092 dixisse
782 1029 911 1109 puellas!

240 1109 334 1187 Quum
355 1115 411 1172 iam
435 1114 628 1173 semianimum
651 1113 796 1175 laceraret
818 1107 935 1173 Flavius
957 1113 1058 1174 orbem
1127 1105 1130 1114 ’

196 1197 335 1272 Ultimus,
361 1205 390 1255 et
413 1195 497 1257 oalvo
522 1197 647 1256 serviret
669 1194 760 1256 Roma
783 1196 902 1272 Neroni,

196 1279 299 1342 lneidit
322 1279 441 1340 Adriaoi
464 1279 586 1357 spatium
608 1279 777 1341 admirabile
798 1279 911 1341 rhombi

197 1363 274 1425 Ante
296 1364 409 1424 domum
433 1361 574 1439 Veneris,
600 1381 685 1442 quam
706 1363 815 1426 Dorion
837 1363 960 1425 sustinet
981 1365 1096 1443 Areon,

197 1447 391 1527 lmplevitque
416 1449 509 1516 sinus;
535 1465 591 1508 neo
613 1450 688 1509 enim
711 1450 803 1509 minor
824 1441 960 1510 haeserat
980 1449 1050 1527 illis,

198 1529 280 1604 Quos
303 1532 400 1610 operit
420 1531 533 1609 glacies
555 1530 701 1594 llaeotioa
723 1541 866 1613 ruptaque
886 1533 1001 1594 tandem

197 1614 317 1675 Solibus
342 1615 461 1676 effundit
484 1617 621 1678 torrentis
642 1617 679 1678 ad
703 1619 778 1680 ostia
799 1617 893 1693 Ponti,

197 1698 318 1760 Desidia
341 1698 440 1761 tardos
462 1709 493 1762 et
517 1700 607 1779 longo
630 1701 742 1780 frigore
763 1703 897 1781 pingues.

197 1783 331 1843 Destinat
351 1781 410 1843 boo
432 1793 590 1845 monstrum
612 1784 732 1861 eymbae
753 1786 861 1868 linique
882 1786 1020 1863 magister

198 1865 330 1926 Pontidoi
353 1883 473 1927 summo.
520 1868 591 1942 Quis
616 1870 695 1936 enim¹
712 1885 879 1949 proponere
901 1869 989 1930 talem

198 1948 257 2009 Aut
278 1966 377 2009 emere
399 1949 536 2025 auderet,
560 1969 647 2032 quum
669 1952 755 2030 plena
776 1961 805 2012 et
826 1952 911 2013 litora
934 1954 1023 2015 multo

197 2032 340 2094 Delatore
362 2032 480 2094 forense
508 2034 634 2114 dispersi
655 2037 786 2115 protinus
808 2035 895 2114 algae

198 2116 388 2196 Inquisitores
401 2127 523 2196 agerent
547 2137 611 2179 eum
635 2121 748 2197 remige
769 2121 858 2197 nudo,

197 2198 263 2260 Non
285 2198 438 2262 dubitaturi
463 2203 615 2281 fugitivum
636 2203 735 2264 dicere
761 2205 872 2284 pisoem

198 2283 416 2364 Depastumque
439 2286 486 2347 diu
506 2288 617 2348 vivaria
640 2285 774 2349 Caesaris
798 2289 865 2351 inde

197 2365 338 2447 Elapsum
356 2378 490 2432 veterem
513 2371 549 2434 ad
571 2371 715 2434 dominum
735 2373 846 2435 debere
868 2374 986 2434 reverti.

198 2453 229 2514 si
253 2454 320 2533 quid
341 2453 486 2534 Palfurio,
510 2458 536 2517 si
557 2457 700 2518 oredimus
723 2457 888 2528 Armillato,

198 2534 343 2618 Quidquid
364 2543 553 2619 oonspieuum
573 2541 784 2619 pulchrumque
802 2549 847 2600 est
868 2554 998 2618 aequore
1020 2545 1094 2613 toto,

198 2620 259 2680 Res
281 2622 346 2681 lisoi
368 2631 429 2698 est,
452 2623 627 2699 ubioumque
649 2631 744 2681 natat:
766 2621 918 2682 donabitur
941 2635 1025 2698 ergo,

197 2701 243 2762 Ne
265 2712 378 2782 pereat.
424 2705 483 2764 lam
506 2703 623 2764 letifero
647 2704 770 2764 oedents
795 2705 904 2783 pruinis

198 2784 359 2862 Autumno,
381 2785 437 2846 iam
462 2795 628 2865 quartanam
651 2787 834 2865 sperantibus
859 2788 968 2867 aegris,

199 2868 348 2931 stridebat
373 2869 511 2930 deformis
533 2870 625 2931 hiems
647 2871 843 2952 praedamque
868 2880 1016 2934 rooentom

198 2951 356 3014 Servabat:
381 2961 477 3014 tamen
499 2953 547 3015 bio
568 2965 725 3035 properat,
748 2957 829 3017 volnt
849 2965 953 3036 urgeat
979 2965 1086 3017 auster.

197 3035 295 3116 thue
322 3036 403 3097 lasus
425 3037 576 3116 suberant,
600 3039 649 3101 ubi
671 3059 842 3121 quamquam
863 3041 956 3102 diruta
979 3049 1076 3102 servat

198 3118 299 3198 ignem
321 3119 474 3183 'l'roianum
498 3132 527 3183 et
548 3123 668 3184 Vestam
691 3125 761 3186 oolit
786 3125 862 3186 Alba
885 3127 1033 3200 minorem,

200 3202 318 3267 Obstitit
339 3206 453 3267 intranti
474 3209 603 3268 miratrix
625 3208 708 3269 turba
731 3227 901 3290 parumper;

199 3286 238 3348 llt
263 3291 367 3366 oessit,
392 3290 472 3352 laoili
494 3300 649 3369 patuerunt
672 3293 789 3354 oardine
810 3294 930 3363 valvae3

200 3371 321 3434 Exolusi
343 3383 477 3453 spectant
499 3377 622 3437 admissa
646 3376 767 3438 obsonia
791 3388 899 3456 patres.

199 3455 260 3516 ltur
281 3457 317 3517 ad
339 3456 482 3533 Atriden3
505 3468 563 3522 tum
587 3459 706 3522 Pioans:
732 3461 862 3541 llooipe,
886 3461 974 3541 dixit,-

1148 541 1184 594 30

1151 3051 1189 3110 bt)
