2552 4028
218 251 259 316 31
477 229 481 236 ’
562 261 597 308 o.
621 258 693 306 rou.
718 257 905 306 unvunaurs

217 407 288 469 lnde
308 406 390 464 iaces
410 402 526 477 ardent,
548 400 666 460 veniunt
683 415 699 459 a
719 399 787 459 dote
811 399 945 476 sagittae.

217 490 348 552 Libertas
373 486 491 547 emitur:
515 501 613 545 coram
634 483 704 544 licet
716 483 814 544 innuat
836 491 924 560 atque
1165 495 1211 548 14(

218 572 390 646 describat,
412 571 498 631 vidua
521 577 583 650 est,
607 567 741 646 locuples
764 579 839 646 quae
861 566 960 646 nupsit
981 567 1080 627 avaro.

220 656 278 720 Gur
301 654 449 718 desiderio
471 651 592 722 Bibulae
616 652 761 712 Sertorius
787 647 891 710 ardet?

218 743 249 804 Si
273 757 375 801 vemm
398 739 544 814 excutias,
569 736 678 813 iacies,
705 752 763 795 non
785 750 859 795 uxor
880 744 998 794 amatur.

219 827 292 888 Tres
316 842 407 903 rugae
431 823 569 899 subeant,
594 829 679 880 etse
703 820 777 880 cutis
798 819 877 880 arida
900 819 989 896 laxet,

218 911 302 972 Fiant
325 909 442 970 obscuri
463 907 565 968 dentes
588 905 725 983 oculique
749 904 893 963 minores:
1164 913 1216 967 145

220 994 336 1072 Collige
359 991 536 1066 sarcinulas,
560 989 637 1050 dicet
658 989 798 1064 libertus,
819 994 848 1046 et
871 989 918 1046 exi

220 1079 292 1160 [lam
313 1079 411 1154 gravis
436 1094 468 1135 es
489 1073 574 1134 nobis
598 1083 627 1133 et
648 1091 741 1152 saepe
764 1073 943 1149 emungeris;
969 1072 1028 1150 exi]

220 1162 308 1222 Ocius
331 1169 361 1220 et
377 1175 520 1239 propera:
543 1159 624 1216 sicco
647 1159 727 1216 venit
750 1155 843 1216 altera
866 1171 947 1215 uaso.

219 1245 335 1307 Interea
357 1243 435 1303 calet
457 1249 487 1300 et
508 1249 613 1317 regnat
638 1241 794 1319 poscitque
819 1240 949 1300 maritum

219 1329 356 1390 Pastores
380 1335 410 1388 et
432 1341 517 1385 orem
542 1321 715 1385 Canusinam
734 1323 889 1403 ulmosque
911 1322 1052 1385 Falernas
1074 1356 1118 1371 -«
1166 1335 1218 1387 1511

220 1411 393 1488 Quantulum
416 1410 491 1472 enim
513 1405 594 1469 hoo?
616 1425 727 1487 pueros
750 1424 867 1483 omnes,
892 1407 1041 1486 ergastula
1064 1416 1140 1476 tota;

220 1495 364 1574 Quodque
387 1494 464 1557 domi
486 1509 545 1553 non
567 1502 628 1569 est,
651 1491 703 1553 sed
726 1488 815 1553 babet
835 1493 965 1569 vicinus,
990 1500 1109 1576 ematur.

218 1581 320 1642 blense
343 1579 458 1658 quidem
481 1578 615 1654 brumae,
641 1594 727 1657 quum
748 1579 804 1638 iam
824 1585 970 1637 mercator
991 1576 1079 1638 lason

221 1663 344 1727 Clausus
371 1673 400 1726 et
421 1664 537 1725 armatis
562 1662 659 1723 obstat
680 1679 748 1723 casa
770 1660 891 1722 candida
914 1663 1018 1738 nantis,

221 1750 344 1812 Grandia
366 1747 507 1811 tolluntur
531 1746 715 1823 crystallino,
738 1748 861 1807 maxima
882 1764 981 1806 rursus
1163 1755 1216 1808 155

219 1833 367 1908 Murrina,
407 1831 513 1893 deinde
536 1831 651 1892 adamas
673 1832 839 1891 notissimus
863 1838 894 1890 et
913 1830 1072 1891 Beronices

219 1917 251 1977 ln
273 1917 363 1993 digito
384 1915 478 1976 iactus
504 1914 692 1993 [pretiosiorz
714 1914 790 1974 hunc
813 1914 891 1976 dedit
915 1914 982 1975 olim

219 1999 364 2060 barbarus
386 1995 548 2075 incestael,
573 1997 652 2056 dedit
674 1997 750 2056 hunc
771 1995 904 2076 Agrippa
926 1999 1033 2074 sorori,

220 2083 386 2144 Observant
407 2080 456 2140 ubi
475 2079 551 2140 lesia
573 2096 654 2139 mero
680 2080 756 2159 pede
778 2080 898 2141 sabbata
918 2099 1018 2159 reges,

219 2167 257 2227 Et
278 2174 363 2226 vetus
386 2163 517 2242 indulget
537 2162 654 2224 senibus
677 2164 832 2225 clementia
852 2167 961 2243 porcis.
1167 2178 1218 2233 160

262 2248 387 2310 Nullane
410 2249 447 2310 de
470 2249 556 2308 tantis
580 2247 720 2325 gregibus
747 2247 798 2307 tibi
820 2248 906 2327 digna
928 2246 1063 2310 videtur?

220 2336 264 2395 Sit
285 2333 430 2409 iormoea,
456 2332 583 2408 decens,
609 2331 710 2409 dives,
732 2331 873 2411 fecunda,
896 2341 1030 2394 vetustos

220 2417 383 2481 Porticihus
406 2417 541 2496 disponat
567 2432 655 2493 avos,
682 2418 817 2478 intactior
843 2419 919 2479 omni

221 2500 355 2564 Grinibus
372 2501 473 2562 eilosis
497 2499 606 2561 bellum
629 2501 780 2562 dirimente
802 2502 919 2579 Sabina,

220 2587 297 2648 Rara
319 2587 380 2646 avis
405 2587 433 2645 in
456 2586 541 2646 terris
563 2586 707 2664 nigroque
729 2584 872 2647 simillima
895 2602 1002 2661 cycno:
1169 2599 1218 2653 165

136 2733 144 2746 ,
222 2671 293 2746 Quis
316 2669 392 2730 ieret
413 2685 550 2744 uxorem,
577 2671 623 2730 oui
648 2677 781 2729 constant
808 2665 921 2728 omnia?
943 2666 1030 2744 malo,

220 2751 299 2813 illalo
321 2752 514 2830 Venusinam,
537 2769 622 2832 qoam
645 2761 690 2829 te,
712 2749 849 2812 Cornelia
871 2760 962 2813 mater

222 2836 436 2914 Gracchorum,
462 2837 488 2897 si
513 2855 577 2897 cum
599 2838 709 2915 magnis
732 2836 885 2897 virtutibus
908 2837 996 2897 aliers

222 2919 336 2982 Grande
353 2920 542 3000 supercilium
566 2930 596 2981 et
615 2937 749 2983 numeras
771 2923 799 2981 in
821 2921 891 2982 dote
911 2920 1082 3001 triumphos.

222 3004 308 3066 Tolle
325 3012 418 3082 tuum,
439 3021 563 3084 precor,
582 3003 770 3067 Hannibalem
788 3007 954 3086 victumque
973 3007 1137 3086 Syphacem
1165 3019 1218 3075 170

222 3088 397 3167 incastris,
423 3099 452 3149 et
477 3108 540 3151 oum
562 3099 622 3151 tota
647 3088 821 3169 Carthagine
846 3091 952 3170 migra!

222 3173 330 3252 Parce,
353 3189 479 3253 precor,
501 3174 618 3252 Paean,
637 3183 667 3234 et
688 3184 733 3251 tu,
758 3177 828 3252 dea,
850 3193 927 3254 pone
945 3176 1082 3253 1131111111

223 3253 269 3322 Nil
291 3259 375 3336 pueri
397 3258 520 3335 iaciunt,
545 3259 636 3337 ipsam
659 3259 796 3337 conligite
816 3259 952 3321 matrem!

224 3339 367 3419 Amphion
391 3343 511 3404 clamat:
535 3341 587 3404 aad
611 3342 706 3402 Paean
729 3343 872 3404 contrahit
894 3361 1001 3406 arcum.

222 3422 334 3484 Extulit
359 3442 431 3504 ergo
455 3444 565 3506 greges
586 3435 716 3488 natorum
737 3429 890 3508 ipsumque
911 3436 1072 3507 parentem,
1161 3437 1215 3494 1⁷⁶

222 3505 296 3566 Dum
321 3506 376 3568 sibi
400 3508 526 3571 nobilior
547 3509 674 3573 Latonae
696 3521 785 3591 gente
806 3513 920 3574 videtur
