2592 4022
218 217 259 279 78
551 227 586 274 o.
610 226 681 274 rou.
704 223 910 274 ruvuuunra‘

218 371 335 432 sumine
362 386 424 429 cum
445 382 550 444 magno
573 365 657 444 lepus
683 375 769 444 atque
784 385 866 446 aper
889 376 919 428 et
941 387 1092 448 pygargus

218 455 255 516 Et
282 453 437 527 Scythicae
461 451 601 511 volucres
626 458 657 510 et
682 451 930 529 phoenicopterus
957 455 1059 531 ingens

218 539 255 598 llt
279 536 415 598 Gaetulus
440 553 514 611 oryx
537 534 638 594 hebeti
658 534 813 596 lautissima
838 535 919 596 ferro
1160 549 1212 604 140

219 620 357 682 caeditur
382 629 411 680 et
435 629 496 680 tota
521 627 604 680 sonat
624 619 719 679 ulmea
743 636 836 680 coena
860 619 982 681 Subura.

217 705 281 765 Nec
302 705 424 767 frustum
449 721 574 782 capreae
599 703 763 764 subducere
789 722 845 764 nec
870 702 945 765 latus
972 705 1063 766 Afrae

217 788 305 849 Novit
330 790 391 849 aris
415 797 530 863 noster,
554 787 718 848 tirunculus
745 805 780 846 ac
804 786 884 848 rudis
908 791 984 848 omni

218 873 364 952 Tempore
391 881 421 932 et
447 873 573 949 exiguae
596 872 679 932 lnrtis
707 871 831 932 imbutus
861 872 980 934 ofellae.

217 957 356 1019 Plebeios
381 957 490 1016 calices
509 964 545 1016 et
568 957 670 1034 paucis
693 954 807 1015 assibus
828 965 944 1036 emptos
1156 971 1208 1026 145

217 1041 352 1118 Porriget
379 1040 502 1102 incultus
529 1058 601 1118 puer
622 1048 710 1118 atque
733 1057 750 1102 a
771 1039 882 1117 frigore
907 1049 999 1108 tutus;

218 1125 282 1185 Non
303 1124 399 1199 Phryx
428 1133 476 1184 aut
496 1122 613 1198 lqeius,
635 1119 704 1197 [non
732 1141 749 1184 a
773 1140 917 1200 mangone
942 1125 1051 1203 petitus

217 1210 376 1289 Quisquam
399 1207 469 1267 erit:
491 1208 519 1266 in
539 1207 652 1284 magno]
665 1225 751 1285 quum
772 1225 898 1286 posces,
922 1225 1014 1286 posce
1038 1209 1136 1270 latine.

217 1293 298 1353 Idem
322 1291 436 1352 habitus
464 1291 596 1367 cunctis,
620 1292 695 1350 tonsi
721 1293 853 1370 rectique
877 1291 975 1371 capilli

217 1376 315 1455 Atque
338 1376 425 1439 hodie
449 1383 557 1436 tantum
580 1383 701 1454 propter
721 1377 853 1437 convivia
875 1377 953 1454 pexi.
1155 1389 1207 1442 150

218 1461 347 1521 Pastoris
370 1460 433 1520 duri
453 1459 501 1520 lric
522 1468 568 1522 est
591 1459 682 1536 lilius,
708 1460 759 1520 ille
773 1459 910 1533 bubulci.

218 1546 350 1624 Suspirat
377 1543 466 1622 longo
493 1557 550 1604 uon
570 1545 660 1606 visam
684 1553 817 1622 tempore
843 1553 974 1620 matrem,

218 1629 256 1692 Et
280 1630 408 1690 casulam
429 1637 458 1689 et
482 1637 568 1688 notos
590 1629 853 1691 tristis.desiderat
875 1628 997 1705 haedos,

217 1714 337 1792 Ingenui
361 1712 458 1772 vulnus
481 1730 555 1790 puer
577 1714 752 1792 ingenuique
773 1712 904 1792 pudoris,

218 1797 328 1871 Quales
354 1815 421 1858 esse
443 1796 546 1872 decet,¹
571 1815 645 1874 quos
668 1796 772 1858 ardens
795 1813 922 1875 purpura
943 1796 1046 1865 restit;
1154 1808 1205 1860 155

217 1880 281 1942 Nec
304 1881 465 1960 pupillares
487 1879 583 1940 delert
609 1882 637 1940 in
663 1880 767 1942 balnea
790 1898 897 1940 raucus

217 1965 398 2041 leaticulos‚
421 1982 476 2023 nec
499 1962 651 2024 vellendas
675 1965 729 2024 iam
753 1963 885 2041 praebuit
908 1963 981 2040 alas,'

219 2047 324 2110 Crasse
349 2067 405 2108 nec
431 2049 568 2126 opposito
597 2047 718 2125 pavidus
740 2050 812 2124 tegit
836 2049 953 2125 inguina
974 2058 1068 2124 gutte.

217 2133 271 2192 llic
297 2133 349 2193 tihi
373 2133 439 2192 vina
461 2129 540 2191 dabit
566 2130 668 2192 diffusa
693 2133 722 2192 in
744 2131 888 2192 montibus
910 2131 980 2208 illis,

218 2216 371 2295 liquibus
394 2217 459 2294 ipse
483 2215 577 2290 venit,
601 2233 723 2294 quorum
747 2215 799 2276 sub
822 2218 933 2276 vertice
960 2217 1042 2286 lusit;
1153 2229 1205 2283 loc

217 2299 348 2380 Namque
371 2318 426 2360 uua
446 2308 534 2378 atque
554 2299 656 2360 eade-m
679 2309 723 2360 est
746 2301 804 2360 vini
822 2302 915 2378 patria
938 2309 1024 2381 atque
1048 2302 1183 2363 ministri.

217 2384 351 2446 Forsitan
374 2393 548 2462 exspectes,
575 2392 606 2443 ut
631 2381 768 2444 Gaditana
791 2401 899 2445 canoro

216 2467 357 2548 Incipiunt
381 2470 495 2547 prurire
524 2467 615 2528 choro
639 2469 800 2548 plausuque
824 2468 967 2546 probatae

218 2553 264 2614 Ad
289 2563 395 2614 terram
414 2551 539 2612 tremulo
565 2552 745 2613 descendant
767 2552 852 2612 clune
876 2552 1015 2630 puellae?

218 2639 360 2716 Spectant
385 2637 442 2696 hoc
463 2644 570 2714 nuptae
592 2637 669 2696 iuxta
693 2637 852 2697 recubante
875 2639 989 2713 marito,
1156 2647 1208 2702 155

218 2719 303 2794 Quod
326 2721 437 2798 pudeat
459 2737 576 2778 narrare
603 2721 726 2798 aliquem
748 2721 950 2798 praesentibus
977 2722 1059 2800 ipsis,

217 2803 426 2863 irritamentum
452 2801 577 2861 Veneris
599 2802 761 2880 languentis
785 2813 815 2864 et
836 2823 921 2865 acres

217 2887 322 2948 Divitis
346 2888 457 2947 urticae
479 2885 586 2965 (maior
607 2897 702 2948 tamen
727 2890 780 2950 ista
802 2889 938 2968 voluptas

218 2971 348 3032 Alterius
368 2988 471 3038 sexus;
498 2971 590 3047 magis
612 2973 662 3033 ille
689 2973 852 3034 extenditur
876 2982 906 3033 et
931 2990 999 3032 mox

217 3055 344 3117 Auribus
365 3065 451 3134 atque
478 3053 572 3114 oculis
594 3067 736 3136 concepta
760 3060 840 3118 urina
858 3058 1020 3136 movetur);
1157 3063 1208 3118 110

218 3139 284 3200 Nou
307 3141 384 3219 capit
408 3139 460 3200 lras
485 3157 575 3216 nugas
598 3142 712 3204 humilis
735 3141 846 3202 domus.
884 3141 991 3200 Audiat
1011 3139 1063 3200 ille

218 3223 369 3285 Testarum
396 3223 523 3300 crepitus
547 3244 610 3285 cum
635 3226 750 3301 verbis,
775 3225 879 3286 nudum
901 3224 978 3284 olido
1002 3233 1080 3284 stans

217 3307 343 3369 Fornice
366 3307 537 3385 mancipium
560 3309 662 3388 quibus
686 3309 828 3386 abstinet,
850 3309 900 3370 ille
923 3308 1034 3372 fruatur

219 3475 275 3550 Qui
295 3474 553 3538 Lacedaemonium
577 3479 729 3557 pytismate
752 3476 875 3538 lubricat
901 3475 1016 3543 orbem;
1155 3481 1207 3538 175
