<?xml version="1.0" encoding="UTF-8"?>
<!DOCTYPE html PUBLIC "-//W3C//DTD XHTML 1.0 Transitional//EN"
    "http://www.w3.org/TR/xhtml1/DTD/xhtml1-transitional.dtd">
<html xmlns="http://www.w3.org/1999/xhtml" xml:lang="en" lang="en">
 <head>
  <title>
</title>
<meta http-equiv="Content-Type" content="text/html;charset=utf-8" />
  <meta name='ocr-system' content='tesseract 3.04.00' />
  <meta name='ocr-capabilities' content='ocr_page ocr_carea ocr_par ocr_line ocrx_word'/>
</head>
<body>
  <div class='ocr_page' id='page_1' title='image "./diuniiiuvenalis00sulpgoog_0054.png"; bbox 0 0 2552 4028; ppageno 0'>
   <div class='ocr_carea' id='block_1_1' title="bbox 490 285 1082 346">
    <p class='ocr_par' dir='ltr' id='par_1_1' title="bbox 490 285 1082 346">
     <span class='ocr_line' id='line_1_1' title="bbox 490 285 1082 346; baseline 0.003 -2"><span class='ocrx_word' id='word_1_1' title='bbox 490 297 614 344; x_wconf 74' lang='lat' dir='ltr'><strong>sarran</strong></span> <span class='ocrx_word' id='word_1_2' title='bbox 635 297 686 344; x_wconf 87' lang='lat'>111.</span> <span class='ocrx_word' id='word_1_3' title='bbox 1044 285 1082 346; x_wconf 88' lang='grc'><strong>15</strong></span> 
     </span>
    </p>
   </div>
   <div class='ocr_carea' id='block_1_2' title="bbox 88 435 1086 3625">
    <p class='ocr_par' dir='ltr' id='par_1_2' title="bbox 89 435 1082 600">
     <span class='ocr_line' id='line_1_2' title="bbox 89 435 1082 516; baseline -0.007 -17"><span class='ocrx_word' id='word_1_4' title='bbox 89 441 154 500; x_wconf 84' lang='lat' dir='ltr'><strong>Res</strong></span> <span class='ocrx_word' id='word_1_5' title='bbox 179 448 299 516; x_wconf 82' lang='lat' dir='ltr'><strong>augusta</strong></span> <span class='ocrx_word' id='word_1_6' title='bbox 321 439 411 506; x_wconf 89' lang='lat' dir='ltr'><strong>domi;</strong></span> <span class='ocrx_word' id='word_1_7' title='bbox 435 437 487 497; x_wconf 87' lang='lat' dir='ltr'><strong>sed</strong></span> <span class='ocrx_word' id='word_1_8' title='bbox 509 435 619 496; x_wconf 85' lang='lat' dir='ltr'><strong>Romae</strong></span> <span class='ocrx_word' id='word_1_9' title='bbox 643 436 741 496; x_wconf 92' lang='lat' dir='ltr'><strong>durior</strong></span> <span class='ocrx_word' id='word_1_10' title='bbox 762 435 819 495; x_wconf 90' lang='lat' dir='ltr'><strong>illis</strong></span> <span class='ocrx_word' id='word_1_11' title='bbox 1033 449 1082 502; x_wconf 72' lang='lat'><strong>165</strong></span> 
     </span>
     <span class='ocr_line' id='line_1_3' title="bbox 90 521 879 600; baseline -0.006 -15"><span class='ocrx_word' id='word_1_12' title='bbox 90 523 238 585; x_wconf 85' lang='lat' dir='ltr'><strong>Gonatus:</strong></span> <span class='ocrx_word' id='word_1_13' title='bbox 260 540 364 600; x_wconf 79' lang='lat' dir='ltr'><strong>magno</strong></span> <span class='ocrx_word' id='word_1_14' title='bbox 388 521 544 600; x_wconf 74' lang='lat' dir='ltr'><strong>hospitium</strong></span> <span class='ocrx_word' id='word_1_15' title='bbox 565 521 750 594; x_wconf 78' lang='lat' dir='ltr'>miserabile,</span> <span class='ocrx_word' id='word_1_16' title='bbox 774 537 879 597; x_wconf 82' lang='lat' dir='ltr'><strong>magno</strong></span> 
     </span>
    </p>

    <p class='ocr_par' dir='ltr' id='par_1_3' title="bbox 89 604 837 682">
     <span class='ocr_line' id='line_1_4' title="bbox 89 604 837 682; baseline -0.009 -14"><span class='ocrx_word' id='word_1_17' title='bbox 89 611 251 669; x_wconf 71' lang='lat' dir='ltr'><strong>Serranum</strong></span> <span class='ocrx_word' id='word_1_18' title='bbox 271 616 407 682; x_wconf 83' lang='lat' dir='ltr'><strong>ventres,</strong></span> <span class='ocrx_word' id='word_1_19' title='bbox 432 615 461 665; x_wconf 91' lang='lat' dir='ltr'><strong>et</strong></span> <span class='ocrx_word' id='word_1_20' title='bbox 480 605 556 681; x_wconf 82' lang='lat' dir='ltr'><strong>frugi</strong></span> <span class='ocrx_word' id='word_1_21' title='bbox 578 604 702 664; x_wconf 90' lang='lat' dir='ltr'><strong>coenula</strong></span> <span class='ocrx_word' id='word_1_22' title='bbox 722 621 837 680; x_wconf 84' lang='lat' dir='ltr'><strong>magno.</strong></span> 
     </span>
    </p>

    <p class='ocr_par' dir='ltr' id='par_1_4' title="bbox 88 687 868 769">
     <span class='ocr_line' id='line_1_5' title="bbox 88 687 868 769; baseline -0.009 -17"><span class='ocrx_word' id='word_1_23' title='bbox 88 692 243 752; x_wconf 82' lang='lat' dir='ltr'><strong>Fictilibus</strong></span> <span class='ocrx_word' id='word_1_24' title='bbox 266 709 392 752; x_wconf 87' lang='lat' dir='ltr'><strong>coenare</strong></span> <span class='ocrx_word' id='word_1_25' title='bbox 415 690 520 768; x_wconf 88' lang='lat' dir='ltr'><strong>pudet,</strong></span> <span class='ocrx_word' id='word_1_26' title='bbox 545 689 623 769; x_wconf 91' lang='lat' dir='ltr'><strong>quod</strong></span> <span class='ocrx_word' id='word_1_27' title='bbox 644 697 729 767; x_wconf 90' lang='lat' dir='ltr'><strong>turpe</strong></span> <span class='ocrx_word' id='word_1_28' title='bbox 749 687 868 764; x_wconf 82' lang='lat' dir='ltr'><strong>negabit</strong></span> 
     </span>
    </p>

    <p class='ocr_par' dir='ltr' id='par_1_5' title="bbox 88 770 1084 1104">
     <span class='ocr_line' id='line_1_6' title="bbox 89 770 945 850; baseline -0.007 -13"><span class='ocrx_word' id='word_1_29' title='bbox 89 776 261 837; x_wconf 77' lang='lat' dir='ltr'>Translatus</span> <span class='ocrx_word' id='word_1_30' title='bbox 284 776 379 834; x_wconf 90' lang='lat' dir='ltr'><strong>subito</strong></span> <span class='ocrx_word' id='word_1_31' title='bbox 396 773 432 833; x_wconf 92' lang='lat' dir='ltr'><strong>ad</strong></span> <span class='ocrx_word' id='word_1_32' title='bbox 453 773 567 833; x_wconf 88' lang='lat' dir='ltr'><strong>lllarsos</strong></span> <span class='ocrx_word' id='word_1_33' title='bbox 589 789 776 850; x_wconf 90' lang='lat' dir='ltr'><strong>mensamque</strong></span> <span class='ocrx_word' id='word_1_34' title='bbox 798 770 945 832; x_wconf 82' lang='lat' dir='ltr'>Sabellam</span> 
     </span>
     <span class='ocr_line' id='line_1_7' title="bbox 89 855 1084 938; baseline -0.003 -17"><span class='ocrx_word' id='word_1_35' title='bbox 89 859 312 938; x_wconf 81' lang='lat' dir='ltr'><strong>Contentusque</strong></span> <span class='ocrx_word' id='word_1_36' title='bbox 328 858 390 917; x_wconf 91' lang='lat' dir='ltr'><strong>illic</strong></span> <span class='ocrx_word' id='word_1_37' title='bbox 412 867 519 917; x_wconf 85' lang='lat' dir='ltr'><strong>veneto</strong></span> <span class='ocrx_word' id='word_1_38' title='bbox 538 857 669 937; x_wconf 88' lang='lat' dir='ltr'><strong>duroque</strong></span> <span class='ocrx_word' id='word_1_39' title='bbox 689 855 815 916; x_wconf 89' lang='lat' dir='ltr'><strong>cucullo.</strong></span> <span class='ocrx_word' id='word_1_40' title='bbox 1031 863 1084 918; x_wconf 85' lang='lat' dir='ltr'><strong>tto</strong></span> 
     </span>
     <span class='ocr_line' id='line_1_8' title="bbox 89 939 998 1020; baseline -0.008 -15"><span class='ocrx_word' id='word_1_41' title='bbox 89 945 163 1005; x_wconf 87' lang='lat' dir='ltr'><strong>Pars</strong></span> <span class='ocrx_word' id='word_1_42' title='bbox 184 961 287 1020; x_wconf 81' lang='lat' dir='ltr'><strong>magna</strong></span> <span class='ocrx_word' id='word_1_43' title='bbox 308 941 409 1002; x_wconf 91' lang='lat' dir='ltr'><strong>ltaliae</strong></span> <span class='ocrx_word' id='word_1_44' title='bbox 434 949 495 1016; x_wconf 88' lang='lat' dir='ltr'><strong>est,</strong></span> <span class='ocrx_word' id='word_1_45' title='bbox 516 943 540 1000; x_wconf 90' lang='lat' dir='ltr'><strong>si</strong></span> <span class='ocrx_word' id='word_1_46' title='bbox 562 959 661 1000; x_wconf 86' lang='lat' dir='ltr'><strong>verum</strong></span> <span class='ocrx_word' id='word_1_47' title='bbox 684 941 871 1014; x_wconf 77' lang='lat' dir='ltr'><strong>admittimus,</strong></span> <span class='ocrx_word' id='word_1_48' title='bbox 892 939 921 997; x_wconf 91' lang='lat' dir='ltr'><strong>ln</strong></span> <span class='ocrx_word' id='word_1_49' title='bbox 943 956 998 1017; x_wconf 89' lang='lat' dir='ltr'><strong>qua</strong></span> 
     </span>
     <span class='ocr_line' id='line_1_9' title="bbox 88 1023 904 1104; baseline -0.01 -16"><span class='ocrx_word' id='word_1_50' title='bbox 88 1027 185 1088; x_wconf 90' lang='lat' dir='ltr'><strong>Nemo</strong></span> <span class='ocrx_word' id='word_1_51' title='bbox 206 1036 304 1104; x_wconf 82' lang='lat' dir='ltr'><strong>togam</strong></span> <span class='ocrx_word' id='word_1_52' title='bbox 325 1023 423 1100; x_wconf 86' lang='lat' dir='ltr'><strong>sumit,</strong></span> <span class='ocrx_word' id='word_1_53' title='bbox 447 1026 502 1084; x_wconf 89' lang='lat' dir='ltr'><strong>uisi</strong></span> <span class='ocrx_word' id='word_1_54' title='bbox 523 1033 661 1084; x_wconf 89' lang='lat' dir='ltr'><strong>mortuus.</strong></span> <span class='ocrx_word' id='word_1_55' title='bbox 706 1024 774 1102; x_wconf 90' lang='lat' dir='ltr'><strong>lpsa</strong></span> <span class='ocrx_word' id='word_1_56' title='bbox 795 1023 904 1082; x_wconf 91' lang='lat' dir='ltr'><strong>dierum</strong></span> 
     </span>
    </p>

    <p class='ocr_par' dir='ltr' id='par_1_6' title="bbox 89 1106 840 1186">
     <span class='ocr_line' id='line_1_10' title="bbox 89 1106 840 1186; baseline -0.009 -14"><span class='ocrx_word' id='word_1_57' title='bbox 89 1111 245 1172; x_wconf 85' lang='lat' dir='ltr'><strong>Festorum</strong></span> <span class='ocrx_word' id='word_1_58' title='bbox 266 1111 396 1170; x_wconf 84' lang='lat' dir='ltr'><strong>herboso</strong></span> <span class='ocrx_word' id='word_1_59' title='bbox 421 1109 525 1168; x_wconf 88' lang='lat' dir='ltr'><strong>colitur</strong></span> <span class='ocrx_word' id='word_1_60' title='bbox 544 1109 568 1168; x_wconf 89' lang='lat' dir='ltr'><strong>si</strong></span> <span class='ocrx_word' id='word_1_61' title='bbox 591 1108 704 1186; x_wconf 91' lang='lat' dir='ltr'><strong>quando</strong></span> <span class='ocrx_word' id='word_1_62' title='bbox 725 1106 840 1167; x_wconf 88' lang='lat' dir='ltr'><strong>tbeatro</strong></span> 
     </span>
    </p>

    <p class='ocr_par' dir='ltr' id='par_1_7' title="bbox 90 1192 845 1272">
     <span class='ocr_line' id='line_1_11' title="bbox 90 1192 845 1272; baseline -0.011 -16"><span class='ocrx_word' id='word_1_63' title='bbox 90 1196 245 1271; x_wconf 80' lang='lat' dir='ltr'><strong>Maiestas,</strong></span> <span class='ocrx_word' id='word_1_64' title='bbox 267 1195 442 1271; x_wconf 80' lang='lat' dir='ltr'><strong>tandemque</strong></span> <span class='ocrx_word' id='word_1_65' title='bbox 462 1193 538 1252; x_wconf 90' lang='lat' dir='ltr'><strong>redit</strong></span> <span class='ocrx_word' id='word_1_66' title='bbox 561 1192 597 1252; x_wconf 89' lang='lat' dir='ltr'><strong>ad</strong></span> <span class='ocrx_word' id='word_1_67' title='bbox 617 1192 726 1272; x_wconf 88' lang='lat' dir='ltr'><strong>pulpita</strong></span> <span class='ocrx_word' id='word_1_68' title='bbox 749 1200 845 1250; x_wconf 92' lang='lat' dir='ltr'><strong>notum</strong></span> 
     </span>
    </p>

    <p class='ocr_par' dir='ltr' id='par_1_8' title="bbox 90 1276 1083 1442">
     <span class='ocr_line' id='line_1_12' title="bbox 90 1276 1083 1357; baseline -0.002 -17"><span class='ocrx_word' id='word_1_69' title='bbox 90 1280 250 1354; x_wconf 87' lang='lat' dir='ltr'><strong>Exodium,</strong></span> <span class='ocrx_word' id='word_1_70' title='bbox 273 1297 358 1357; x_wconf 91' lang='lat' dir='ltr'><strong>quum</strong></span> <span class='ocrx_word' id='word_1_71' title='bbox 381 1294 527 1355; x_wconf 88' lang='lat' dir='ltr'><strong>personae</strong></span> <span class='ocrx_word' id='word_1_72' title='bbox 551 1276 687 1354; x_wconf 91' lang='lat' dir='ltr'><strong>pallentis</strong></span> <span class='ocrx_word' id='word_1_73' title='bbox 708 1277 815 1336; x_wconf 89' lang='lat' dir='ltr'><strong>hiatum</strong></span> <span class='ocrx_word' id='word_1_74' title='bbox 1033 1283 1083 1338; x_wconf 83' lang='grc'><strong>175</strong></span> 
     </span>
     <span class='ocr_line' id='line_1_13' title="bbox 90 1361 810 1442; baseline -0.01 -18"><span class='ocrx_word' id='word_1_75' title='bbox 90 1364 123 1425; x_wconf 93' lang='lat' dir='ltr'><strong>ln</strong></span> <span class='ocrx_word' id='word_1_76' title='bbox 144 1364 256 1442; x_wconf 78' lang='lat' dir='ltr'><strong>gremio</strong></span> <span class='ocrx_word' id='word_1_77' title='bbox 277 1363 376 1422; x_wconf 89' lang='lat' dir='ltr'><strong>matris</strong></span> <span class='ocrx_word' id='word_1_78' title='bbox 398 1361 533 1421; x_wconf 78' lang='lat' dir='ltr'><strong>formidat</strong></span> <span class='ocrx_word' id='word_1_79' title='bbox 554 1363 680 1420; x_wconf 85' lang='lat' dir='ltr'><strong>rusticus</strong></span> <span class='ocrx_word' id='word_1_80' title='bbox 702 1361 810 1418; x_wconf 86' lang='lat' dir='ltr'><strong>infans:</strong></span> 
     </span>
    </p>

    <p class='ocr_par' dir='ltr' id='par_1_9' title="bbox 91 1442 788 1526">
     <span class='ocr_line' id='line_1_14' title="bbox 91 1442 788 1526; baseline -0.011 -18"><span class='ocrx_word' id='word_1_81' title='bbox 91 1447 242 1526; x_wconf 79' lang='lat' dir='ltr'><strong>Aequales</strong></span> <span class='ocrx_word' id='word_1_82' title='bbox 263 1446 378 1506; x_wconf 88' lang='lat' dir='ltr'><strong>babitus</strong></span> <span class='ocrx_word' id='word_1_83' title='bbox 400 1445 460 1505; x_wconf 91' lang='lat' dir='ltr'><strong>illic</strong></span> <span class='ocrx_word' id='word_1_84' title='bbox 483 1446 651 1524; x_wconf 85' lang='lat' dir='ltr'><strong>similesque</strong></span> <span class='ocrx_word' id='word_1_85' title='bbox 673 1442 788 1504; x_wconf 89' lang='lat' dir='ltr'><strong>videbis</strong></span> 
     </span>
    </p>

    <p class='ocr_par' dir='ltr' id='par_1_10' title="bbox 92 1525 899 1608">
     <span class='ocr_line' id='line_1_15' title="bbox 92 1525 899 1608; baseline -0.007 -16"><span class='ocrx_word' id='word_1_86' title='bbox 92 1531 279 1592; x_wconf 88' lang='lat' dir='ltr'><strong>Orchestram</strong></span> <span class='ocrx_word' id='word_1_87' title='bbox 303 1539 332 1590; x_wconf 91' lang='lat' dir='ltr'><strong>et</strong></span> <span class='ocrx_word' id='word_1_88' title='bbox 354 1529 506 1608; x_wconf 76' lang='lat' dir='ltr'><strong>populum:</strong></span> <span class='ocrx_word' id='word_1_89' title='bbox 532 1529 602 1589; x_wconf 91' lang='lat' dir='ltr'><strong>clari</strong></span> <span class='ocrx_word' id='word_1_90' title='bbox 625 1529 759 1588; x_wconf 89' lang='lat' dir='ltr'><strong>velamen</strong></span> <span class='ocrx_word' id='word_1_91' title='bbox 779 1525 899 1586; x_wconf 90' lang='lat' dir='ltr'><strong>honoris</strong></span> 
     </span>
    </p>

    <p class='ocr_par' dir='ltr' id='par_1_11' title="bbox 91 1610 796 1676">
     <span class='ocr_line' id='line_1_16' title="bbox 91 1610 796 1676; baseline -0.011 0"><span class='ocrx_word' id='word_1_92' title='bbox 91 1617 245 1676; x_wconf 82' lang='lat' dir='ltr'><strong>Sufficiunt</strong></span> <span class='ocrx_word' id='word_1_93' title='bbox 265 1615 379 1674; x_wconf 89' lang='lat' dir='ltr'><strong>tunicae</strong></span> <span class='ocrx_word' id='word_1_94' title='bbox 401 1614 517 1673; x_wconf 86' lang='lat' dir='ltr'><strong>summis</strong></span> <span class='ocrx_word' id='word_1_95' title='bbox 540 1610 682 1672; x_wconf 90' lang='lat' dir='ltr'><strong>aedilibus</strong></span> <span class='ocrx_word' id='word_1_96' title='bbox 701 1611 796 1670; x_wconf 85' lang='lat' dir='ltr'><strong>albae.</strong></span> 
     </span>
    </p>

    <p class='ocr_par' dir='ltr' id='par_1_12' title="bbox 90 1694 1084 1858">
     <span class='ocr_line' id='line_1_17' title="bbox 90 1694 1084 1774; baseline -0.007 -15"><span class='ocrx_word' id='word_1_97' title='bbox 90 1700 146 1760; x_wconf 84' lang='lat' dir='ltr'><strong>llic</strong></span> <span class='ocrx_word' id='word_1_98' title='bbox 166 1699 239 1758; x_wconf 90' lang='lat' dir='ltr'><strong>ultra</strong></span> <span class='ocrx_word' id='word_1_99' title='bbox 261 1699 340 1757; x_wconf 86' lang='lat' dir='ltr'><strong>vires</strong></span> <span class='ocrx_word' id='word_1_100' title='bbox 364 1697 478 1756; x_wconf 92' lang='lat' dir='ltr'><strong>babitus</strong></span> <span class='ocrx_word' id='word_1_101' title='bbox 499 1697 588 1763; x_wconf 88' lang='lat' dir='ltr'><strong>nitor;</strong></span> <span class='ocrx_word' id='word_1_102' title='bbox 607 1695 654 1755; x_wconf 93' lang='lat' dir='ltr'><strong>hic</strong></span> <span class='ocrx_word' id='word_1_103' title='bbox 675 1694 781 1774; x_wconf 90' lang='lat' dir='ltr'><strong>aliquid</strong></span> <span class='ocrx_word' id='word_1_104' title='bbox 803 1695 868 1772; x_wconf 90' lang='lat' dir='ltr'><strong>plus</strong></span> <span class='ocrx_word' id='word_1_105' title='bbox 1033 1703 1084 1758; x_wconf 76' lang='lat'><strong>180</strong></span> 
     </span>
     <span class='ocr_line' id='line_1_18' title="bbox 92 1779 872 1858; baseline -0.008 -16"><span class='ocrx_word' id='word_1_106' title='bbox 92 1785 185 1858; x_wconf 83' lang='lat' dir='ltr'><strong>Quam</strong></span> <span class='ocrx_word' id='word_1_107' title='bbox 213 1782 283 1842; x_wconf 89' lang='lat' dir='ltr'><strong>satis</strong></span> <span class='ocrx_word' id='word_1_108' title='bbox 307 1789 352 1840; x_wconf 88' lang='lat' dir='ltr'><strong>est</strong></span> <span class='ocrx_word' id='word_1_109' title='bbox 373 1781 515 1840; x_wconf 90' lang='lat' dir='ltr'><strong>interdum</strong></span> <span class='ocrx_word' id='word_1_110' title='bbox 537 1779 632 1839; x_wconf 90' lang='lat' dir='ltr'><strong>aliena</strong></span> <span class='ocrx_word' id='word_1_111' title='bbox 655 1779 773 1839; x_wconf 82' lang='lat' dir='ltr'><strong>sumitur</strong></span> <span class='ocrx_word' id='word_1_112' title='bbox 795 1796 872 1838; x_wconf 89' lang='lat' dir='ltr'><strong>area.</strong></span> 
     </span>
    </p>

    <p class='ocr_par' dir='ltr' id='par_1_13' title="bbox 92 1862 956 2029">
     <span class='ocr_line' id='line_1_19' title="bbox 93 1862 915 1932; baseline -0.007 -4"><span class='ocrx_word' id='word_1_113' title='bbox 93 1866 252 1928; x_wconf 80' lang='lat' dir='ltr'><strong>Commune</strong></span> <span class='ocrx_word' id='word_1_114' title='bbox 276 1866 304 1925; x_wconf 93' lang='lat' dir='ltr'><strong>id</strong></span> <span class='ocrx_word' id='word_1_115' title='bbox 324 1865 423 1924; x_wconf 79' lang='lat' dir='ltr'><strong>vitium</strong></span> <span class='ocrx_word' id='word_1_116' title='bbox 446 1871 508 1932; x_wconf 89' lang='lat' dir='ltr'><strong>est;</strong></span> <span class='ocrx_word' id='word_1_117' title='bbox 550 1862 599 1923; x_wconf 94' lang='lat' dir='ltr'><strong>bic</strong></span> <span class='ocrx_word' id='word_1_118' title='bbox 619 1864 741 1923; x_wconf 89' lang='lat' dir='ltr'><strong>vivimus</strong></span> <span class='ocrx_word' id='word_1_119' title='bbox 764 1862 915 1923; x_wconf 89' lang='lat' dir='ltr'><strong>ambitiosa</strong></span> 
     </span>
     <span class='ocr_line' id='line_1_20' title="bbox 92 1944 956 2029; baseline -0.005 -17"><span class='ocrx_word' id='word_1_120' title='bbox 92 1953 268 2029; x_wconf 81' lang='lat' dir='ltr'><strong>Paupertate</strong></span> <span class='ocrx_word' id='word_1_121' title='bbox 291 1967 409 2018; x_wconf 88' lang='lat' dir='ltr'><strong>omnes;</strong></span> <span class='ocrx_word' id='word_1_122' title='bbox 447 1947 514 2026; x_wconf 93' lang='lat' dir='ltr'><strong>quid</strong></span> <span class='ocrx_word' id='word_1_123' title='bbox 536 1957 565 2007; x_wconf 92' lang='lat' dir='ltr'><strong>te</strong></span> <span class='ocrx_word' id='word_1_124' title='bbox 588 1944 706 2009; x_wconf 78' lang='lat' dir='ltr'><strong>moror?</strong></span> <span class='ocrx_word' id='word_1_125' title='bbox 729 1948 823 2008; x_wconf 88' lang='lat' dir='ltr'><strong>omnia</strong></span> <span class='ocrx_word' id='word_1_126' title='bbox 846 1947 956 2008; x_wconf 87' lang='lat' dir='ltr'><strong>Romae</strong></span> 
     </span>
    </p>

    <p class='ocr_par' dir='ltr' id='par_1_14' title="bbox 92 2028 1083 2280">
     <span class='ocr_line' id='line_1_21' title="bbox 94 2028 1030 2113; baseline -0.005 -18"><span class='ocrx_word' id='word_1_127' title='bbox 94 2033 165 2095; x_wconf 79' lang='lat' dir='ltr'><strong>Cum</strong></span> <span class='ocrx_word' id='word_1_128' title='bbox 185 2035 290 2113; x_wconf 90' lang='lat' dir='ltr'><strong>pretio.</strong></span> <span class='ocrx_word' id='word_1_129' title='bbox 335 2033 410 2108; x_wconf 82' lang='lat' dir='ltr'><strong>Quid</strong></span> <span class='ocrx_word' id='word_1_130' title='bbox 433 2033 501 2106; x_wconf 78' lang='lat' dir='ltr'><strong>das,</strong></span> <span class='ocrx_word' id='word_1_131' title='bbox 524 2041 555 2092; x_wconf 91' lang='lat' dir='ltr'><strong>ut</strong></span> <span class='ocrx_word' id='word_1_132' title='bbox 578 2030 700 2092; x_wconf 76' lang='lat' dir='ltr'><strong>Cossum</strong></span> <span class='ocrx_word' id='word_1_133' title='bbox 723 2033 877 2110; x_wconf 90' lang='lat' dir='ltr'><strong>aliquando</strong></span> <span class='ocrx_word' id='word_1_134' title='bbox 900 2028 1030 2093; x_wconf 81' lang='lat' dir='ltr'><strong>salutes?</strong></span> 
     </span>
     <span class='ocr_line' id='line_1_22' title="bbox 92 2113 1083 2196; baseline 0 -17"><span class='ocrx_word' id='word_1_135' title='bbox 92 2119 132 2179; x_wconf 90' lang='lat' dir='ltr'><strong>Ut</strong></span> <span class='ocrx_word' id='word_1_136' title='bbox 153 2127 182 2178; x_wconf 90' lang='lat' dir='ltr'><strong>tc</strong></span> <span class='ocrx_word' id='word_1_137' title='bbox 204 2118 341 2196; x_wconf 78' lang='lat' dir='ltr'><strong>respiciat</strong></span> <span class='ocrx_word' id='word_1_138' title='bbox 362 2117 462 2176; x_wconf 91' lang='lat' dir='ltr'><strong>clauso</strong></span> <span class='ocrx_word' id='word_1_139' title='bbox 484 2115 610 2176; x_wconf 88' lang='lat' dir='ltr'><strong>Veiento</strong></span> <span class='ocrx_word' id='word_1_140' title='bbox 632 2113 765 2177; x_wconf 81' lang='lat' dir='ltr'><strong>labello?</strong></span> <span class='ocrx_word' id='word_1_141' title='bbox 1033 2126 1083 2179; x_wconf 77' lang='lat'><strong>185</strong></span> 
     </span>
     <span class='ocr_line' id='line_1_23' title="bbox 92 2201 869 2280; baseline -0.005 -17"><span class='ocrx_word' id='word_1_142' title='bbox 92 2203 147 2263; x_wconf 91' lang='lat' dir='ltr'><strong>llle</strong></span> <span class='ocrx_word' id='word_1_143' title='bbox 169 2202 250 2261; x_wconf 90' lang='lat' dir='ltr'><strong>metit</strong></span> <span class='ocrx_word' id='word_1_144' title='bbox 270 2201 405 2277; x_wconf 85' lang='lat' dir='ltr'><strong>barbam,</strong></span> <span class='ocrx_word' id='word_1_145' title='bbox 429 2202 538 2260; x_wconf 91' lang='lat' dir='ltr'><strong>crinem</strong></span> <span class='ocrx_word' id='word_1_146' title='bbox 559 2202 607 2261; x_wconf 89' lang='lat' dir='ltr'><strong>bic</strong></span> <span class='ocrx_word' id='word_1_147' title='bbox 629 2202 749 2280; x_wconf 85' lang='lat' dir='ltr'><strong>deponit</strong></span> <span class='ocrx_word' id='word_1_148' title='bbox 772 2201 869 2259; x_wconf 89' lang='lat' dir='ltr'><strong>amati:</strong></span> 
     </span>
    </p>

    <p class='ocr_par' dir='ltr' id='par_1_15' title="bbox 92 2284 857 2364">
     <span class='ocr_line' id='line_1_24' title="bbox 92 2284 857 2364; baseline -0.005 -18"><span class='ocrx_word' id='word_1_149' title='bbox 92 2286 180 2347; x_wconf 90' lang='lat' dir='ltr'><strong>Plena</strong></span> <span class='ocrx_word' id='word_1_150' title='bbox 205 2285 306 2345; x_wconf 90' lang='lat' dir='ltr'><strong>domus</strong></span> <span class='ocrx_word' id='word_1_151' title='bbox 324 2285 391 2345; x_wconf 88' lang='lat' dir='ltr'><strong>libis</strong></span> <span class='ocrx_word' id='word_1_152' title='bbox 413 2284 582 2353; x_wconf 89' lang='lat' dir='ltr'><strong>venalibus;</strong></span> <span class='ocrx_word' id='word_1_153' title='bbox 602 2287 707 2364; x_wconf 88' lang='lat' dir='ltr'><strong>accipe</strong></span> <span class='ocrx_word' id='word_1_154' title='bbox 729 2293 758 2344; x_wconf 89' lang='lat' dir='ltr'><strong>et</strong></span> <span class='ocrx_word' id='word_1_155' title='bbox 781 2284 857 2343; x_wconf 89' lang='lat' dir='ltr'><strong>istud</strong></span> 
     </span>
    </p>

    <p class='ocr_par' dir='ltr' id='par_1_16' title="bbox 92 2367 911 2446">
     <span class='ocr_line' id='line_1_25' title="bbox 92 2367 911 2446; baseline -0.007 -16"><span class='ocrx_word' id='word_1_156' title='bbox 92 2369 276 2430; x_wconf 81' lang='lat' dir='ltr'><strong>Fermentum</strong></span> <span class='ocrx_word' id='word_1_157' title='bbox 298 2369 349 2428; x_wconf 94' lang='lat' dir='ltr'><strong>tibi</strong></span> <span class='ocrx_word' id='word_1_158' title='bbox 371 2368 462 2428; x_wconf 90' lang='lat' dir='ltr'><strong>habe:</strong></span> <span class='ocrx_word' id='word_1_159' title='bbox 485 2377 636 2446; x_wconf 88' lang='lat' dir='ltr'><strong>praestare</strong></span> <span class='ocrx_word' id='word_1_160' title='bbox 660 2368 765 2428; x_wconf 93' lang='lat' dir='ltr'><strong>tributa</strong></span> <span class='ocrx_word' id='word_1_161' title='bbox 789 2367 911 2428; x_wconf 84' lang='lat' dir='ltr'><strong>clientes</strong></span> 
     </span>
    </p>

    <p class='ocr_par' dir='ltr' id='par_1_17' title="bbox 94 2451 789 2532">
     <span class='ocr_line' id='line_1_26' title="bbox 94 2451 789 2532; baseline -0.01 -18"><span class='ocrx_word' id='word_1_162' title='bbox 94 2452 231 2532; x_wconf 80' lang='lat' dir='ltr'><strong>Cogimur</strong></span> <span class='ocrx_word' id='word_1_163' title='bbox 254 2461 283 2512; x_wconf 91' lang='lat' dir='ltr'><strong>et</strong></span> <span class='ocrx_word' id='word_1_164' title='bbox 306 2453 391 2512; x_wconf 91' lang='lat' dir='ltr'><strong>cultis</strong></span> <span class='ocrx_word' id='word_1_165' title='bbox 415 2470 524 2528; x_wconf 84' lang='lat' dir='ltr'><strong>augere</strong></span> <span class='ocrx_word' id='word_1_166' title='bbox 548 2451 663 2528; x_wconf 89' lang='lat' dir='ltr'><strong>peculia</strong></span> <span class='ocrx_word' id='word_1_167' title='bbox 686 2451 789 2510; x_wconf 89' lang='lat' dir='ltr'><strong>servis.</strong></span> 
     </span>
    </p>

    <p class='ocr_par' dir='ltr' id='par_1_18' title="bbox 93 2533 1086 3371">
     <span class='ocr_line' id='line_1_27' title="bbox 136 2533 1085 2613; baseline 0.001 -17"><span class='ocrx_word' id='word_1_168' title='bbox 136 2538 207 2611; x_wconf 84' lang='lat' dir='ltr'><strong>Quis</strong></span> <span class='ocrx_word' id='word_1_169' title='bbox 227 2539 309 2598; x_wconf 87' lang='lat' dir='ltr'><strong>timet</strong></span> <span class='ocrx_word' id='word_1_170' title='bbox 331 2544 379 2597; x_wconf 91' lang='lat' dir='ltr'><strong>aut</strong></span> <span class='ocrx_word' id='word_1_171' title='bbox 401 2537 492 2596; x_wconf 89' lang='lat' dir='ltr'><strong>timuit</strong></span> <span class='ocrx_word' id='word_1_172' title='bbox 514 2535 612 2613; x_wconf 82' lang='lat' dir='ltr'><strong>gelida</strong></span> <span class='ocrx_word' id='word_1_173' title='bbox 635 2533 795 2594; x_wconf 90' lang='lat' dir='ltr'><strong>Praeneste</strong></span> <span class='ocrx_word' id='word_1_174' title='bbox 813 2533 933 2608; x_wconf 87' lang='lat' dir='ltr'><strong>ruinam,</strong></span> <span class='ocrx_word' id='word_1_175' title='bbox 1035 2541 1085 2597; x_wconf 83' lang='lat'><strong>190</strong></span> 
     </span>
     <span class='ocr_line' id='line_1_28' title="bbox 93 2616 890 2699; baseline -0.006 -18"><span class='ocrx_word' id='word_1_176' title='bbox 93 2621 152 2681; x_wconf 82' lang='lat' dir='ltr'><strong>Aut</strong></span> <span class='ocrx_word' id='word_1_177' title='bbox 175 2623 280 2699; x_wconf 89' lang='lat' dir='ltr'><strong>positis</strong></span> <span class='ocrx_word' id='word_1_178' title='bbox 300 2635 456 2681; x_wconf 83' lang='lat' dir='ltr'><strong>nemorosa</strong></span> <span class='ocrx_word' id='word_1_179' title='bbox 478 2621 559 2679; x_wconf 83' lang='lat' dir='ltr'><strong>inter</strong></span> <span class='ocrx_word' id='word_1_180' title='bbox 576 2619 641 2696; x_wconf 85' lang='lat' dir='ltr'><strong>iuga</strong></span> <span class='ocrx_word' id='word_1_181' title='bbox 662 2616 819 2693; x_wconf 83' lang='lat' dir='ltr'><strong>Volsiniis,</strong></span> <span class='ocrx_word' id='word_1_182' title='bbox 843 2624 890 2677; x_wconf 89' lang='lat' dir='ltr'><strong>aut</strong></span> 
     </span>
     <span class='ocr_line' id='line_1_29' title="bbox 95 2699 842 2785; baseline -0.005 -19"><span class='ocrx_word' id='word_1_183' title='bbox 95 2705 280 2785; x_wconf 77' lang='lat' dir='ltr'><strong>simplicibus</strong></span> <span class='ocrx_word' id='word_1_184' title='bbox 303 2703 418 2781; x_wconf 84' lang='lat' dir='ltr'><strong>Gabiis,</strong></span> <span class='ocrx_word' id='word_1_185' title='bbox 439 2712 488 2765; x_wconf 89' lang='lat' dir='ltr'><strong>aut</strong></span> <span class='ocrx_word' id='word_1_186' title='bbox 509 2705 593 2784; x_wconf 86' lang='lat' dir='ltr'><strong>proni</strong></span> <span class='ocrx_word' id='word_1_187' title='bbox 616 2701 734 2762; x_wconf 79' lang='lat' dir='ltr'><strong>Tiburis</strong></span> <span class='ocrx_word' id='word_1_188' title='bbox 752 2699 842 2763; x_wconf 84' lang='lat' dir='ltr'><strong>aresi</strong></span> 
     </span>
     <span class='ocr_line' id='line_1_30' title="bbox 93 2787 783 2850; baseline -0.001 -1"><span class='ocrx_word' id='word_1_189' title='bbox 93 2789 156 2850; x_wconf 88' lang='lat' dir='ltr'><strong>Nos</strong></span> <span class='ocrx_word' id='word_1_190' title='bbox 176 2791 278 2849; x_wconf 92' lang='lat' dir='ltr'><strong>urbem</strong></span> <span class='ocrx_word' id='word_1_191' title='bbox 301 2790 420 2850; x_wconf 90' lang='lat' dir='ltr'><strong>colimus</strong></span> <span class='ocrx_word' id='word_1_192' title='bbox 443 2792 519 2848; x_wconf 88' lang='lat' dir='ltr'><strong>tenui</strong></span> <span class='ocrx_word' id='word_1_193' title='bbox 542 2787 660 2848; x_wconf 89' lang='lat' dir='ltr'><strong>tibicine</strong></span> <span class='ocrx_word' id='word_1_194' title='bbox 683 2787 783 2848; x_wconf 82' lang='lat' dir='ltr'><strong>fultam</strong></span> 
     </span>
     <span class='ocr_line' id='line_1_31' title="bbox 94 2871 840 2952; baseline -0.003 -18"><span class='ocrx_word' id='word_1_195' title='bbox 94 2873 198 2951; x_wconf 82' lang='lat' dir='ltr'><strong>Magna</strong></span> <span class='ocrx_word' id='word_1_196' title='bbox 217 2883 300 2952; x_wconf 91' lang='lat' dir='ltr'><strong>parte</strong></span> <span class='ocrx_word' id='word_1_197' title='bbox 323 2875 382 2943; x_wconf 89' lang='lat' dir='ltr'><strong>sui;</strong></span> <span class='ocrx_word' id='word_1_198' title='bbox 405 2891 469 2933; x_wconf 89' lang='lat' dir='ltr'><strong>nam</strong></span> <span class='ocrx_word' id='word_1_199' title='bbox 489 2874 532 2932; x_wconf 88' lang='lat' dir='ltr'><strong>sic</strong></span> <span class='ocrx_word' id='word_1_200' title='bbox 555 2871 720 2932; x_wconf 89' lang='lat' dir='ltr'><strong>labentibus</strong></span> <span class='ocrx_word' id='word_1_201' title='bbox 742 2871 840 2932; x_wconf 90' lang='lat' dir='ltr'><strong>obstat</strong></span> 
     </span>
     <span class='ocr_line' id='line_1_32' title="bbox 94 2954 1086 3038; baseline 0 -21"><span class='ocrx_word' id='word_1_202' title='bbox 94 2957 206 3018; x_wconf 87' lang='lat' dir='ltr'><strong>Vilicus</strong></span> <span class='ocrx_word' id='word_1_203' title='bbox 229 2967 276 3038; x_wconf 89' lang='lat' dir='ltr'><strong>et,</strong></span> <span class='ocrx_word' id='word_1_204' title='bbox 299 2958 409 3018; x_wconf 89' lang='lat' dir='ltr'><strong>veteris</strong></span> <span class='ocrx_word' id='word_1_205' title='bbox 431 2959 521 3017; x_wconf 91' lang='lat' dir='ltr'><strong>rimae</strong></span> <span class='ocrx_word' id='word_1_206' title='bbox 544 2974 629 3035; x_wconf 93' lang='lat' dir='ltr'><strong>quum</strong></span> <span class='ocrx_word' id='word_1_207' title='bbox 651 2957 724 3016; x_wconf 87' lang='lat' dir='ltr'><strong>texit</strong></span> <span class='ocrx_word' id='word_1_208' title='bbox 745 2954 862 3032; x_wconf 88' lang='lat' dir='ltr'><strong>hiatum,</strong></span> <span class='ocrx_word' id='word_1_209' title='bbox 1035 2963 1086 3017; x_wconf 82' lang='grc'><strong>195</strong></span> 
     </span>
     <span class='ocr_line' id='line_1_33' title="bbox 96 3040 758 3120; baseline -0.009 -17"><span class='ocrx_word' id='word_1_210' title='bbox 96 3043 225 3103; x_wconf 88' lang='lat' dir='ltr'><strong>Securos</strong></span> <span class='ocrx_word' id='word_1_211' title='bbox 247 3042 392 3120; x_wconf 90' lang='lat' dir='ltr'><strong>pendente</strong></span> <span class='ocrx_word' id='word_1_212' title='bbox 417 3041 497 3101; x_wconf 91' lang='lat' dir='ltr'><strong>iubet</strong></span> <span class='ocrx_word' id='word_1_213' title='bbox 519 3041 646 3101; x_wconf 83' lang='lat' dir='ltr'><strong>dormire</strong></span> <span class='ocrx_word' id='word_1_214' title='bbox 669 3040 758 3100; x_wconf 88' lang='lat' dir='ltr'><strong>ruina.</strong></span> 
     </span>
     <span class='ocr_line' id='line_1_34' title="bbox 94 3124 851 3201; baseline -0.003 -15"><span class='ocrx_word' id='word_1_215' title='bbox 94 3125 258 3186; x_wconf 73' lang='lat' dir='ltr'><strong>vivendum</strong></span> <span class='ocrx_word' id='word_1_216' title='bbox 280 3125 422 3201; x_wconf 89' lang='lat' dir='ltr'><strong>estillic,</strong></span> <span class='ocrx_word' id='word_1_217' title='bbox 445 3124 494 3184; x_wconf 92' lang='lat' dir='ltr'><strong>ubi</strong></span> <span class='ocrx_word' id='word_1_218' title='bbox 511 3125 589 3186; x_wconf 90' lang='lat' dir='ltr'><strong>nulla</strong></span> <span class='ocrx_word' id='word_1_219' title='bbox 611 3125 758 3199; x_wconf 90' lang='lat' dir='ltr'><strong>incendia,</strong></span> <span class='ocrx_word' id='word_1_220' title='bbox 781 3124 851 3184; x_wconf 93' lang='lat' dir='ltr'><strong>nulli</strong></span> 
     </span>
     <span class='ocr_line' id='line_1_35' title="bbox 96 3205 1041 3288; baseline -0.006 -17"><span class='ocrx_word' id='word_1_221' title='bbox 96 3210 189 3271; x_wconf 88' lang='lat' dir='ltr'><strong>Nocte</strong></span> <span class='ocrx_word' id='word_1_222' title='bbox 212 3219 314 3270; x_wconf 89' lang='lat' dir='ltr'><strong>metus.</strong></span> <span class='ocrx_word' id='word_1_223' title='bbox 359 3207 418 3269; x_wconf 84' lang='lat' dir='ltr'><strong>lam</strong></span> <span class='ocrx_word' id='word_1_224' title='bbox 436 3212 532 3288; x_wconf 90' lang='lat' dir='ltr'><strong>poscit</strong></span> <span class='ocrx_word' id='word_1_225' title='bbox 554 3226 675 3287; x_wconf 91' lang='lat' dir='ltr'><strong>aquam,</strong></span> <span class='ocrx_word' id='word_1_226' title='bbox 699 3211 755 3268; x_wconf 89' lang='lat' dir='ltr'><strong>iam</strong></span> <span class='ocrx_word' id='word_1_227' title='bbox 777 3207 882 3268; x_wconf 85' lang='lat' dir='ltr'><strong>irivola</strong></span> <span class='ocrx_word' id='word_1_228' title='bbox 903 3205 1041 3267; x_wconf 84' lang='lat' dir='ltr'><strong>transient</strong></span> 
     </span>
     <span class='ocr_line' id='line_1_36' title="bbox 97 3291 819 3371; baseline -0.006 -16"><span class='ocrx_word' id='word_1_229' title='bbox 97 3294 265 3371; x_wconf 82' lang='lat' dir='ltr'><strong>Ucalegon,</strong></span> <span class='ocrx_word' id='word_1_230' title='bbox 289 3291 417 3354; x_wconf 84' lang='lat' dir='ltr'><strong>tabulata</strong></span> <span class='ocrx_word' id='word_1_231' title='bbox 438 3293 490 3353; x_wconf 91' lang='lat' dir='ltr'><strong>tibi</strong></span> <span class='ocrx_word' id='word_1_232' title='bbox 511 3295 566 3353; x_wconf 90' lang='lat' dir='ltr'><strong>iam</strong></span> <span class='ocrx_word' id='word_1_233' title='bbox 589 3295 674 3353; x_wconf 90' lang='lat' dir='ltr'><strong>tertia</strong></span> <span class='ocrx_word' id='word_1_234' title='bbox 696 3291 819 3352; x_wconf 77' lang='lat' dir='ltr'><strong>inruant:</strong></span> 
     </span>
    </p>

    <p class='ocr_par' dir='ltr' id='par_1_19' title="bbox 97 3374 1085 3625">
     <span class='ocr_line' id='line_1_37' title="bbox 97 3374 1085 3456; baseline -0.001 -18"><span class='ocrx_word' id='word_1_235' title='bbox 97 3378 140 3438; x_wconf 84' lang='lat' dir='ltr'><strong>Tu</strong></span> <span class='ocrx_word' id='word_1_236' title='bbox 159 3380 270 3446; x_wconf 88' lang='lat' dir='ltr'><strong>nescis;</strong></span> <span class='ocrx_word' id='word_1_237' title='bbox 294 3395 358 3438; x_wconf 93' lang='lat' dir='ltr'><strong>nam</strong></span> <span class='ocrx_word' id='word_1_238' title='bbox 381 3378 405 3436; x_wconf 84' lang='lat' dir='ltr'><strong>si</strong></span> <span class='ocrx_word' id='word_1_239' title='bbox 426 3377 563 3456; x_wconf 84' lang='lat' dir='ltr'><strong>gradibus</strong></span> <span class='ocrx_word' id='word_1_240' title='bbox 582 3376 743 3456; x_wconf 91' lang='lat' dir='ltr'><strong>trepidatur</strong></span> <span class='ocrx_word' id='word_1_241' title='bbox 764 3375 800 3435; x_wconf 91' lang='lat' dir='ltr'><strong>ab</strong></span> <span class='ocrx_word' id='word_1_242' title='bbox 823 3374 896 3452; x_wconf 89' lang='lat' dir='ltr'><strong>imis,</strong></span> <span class='ocrx_word' id='word_1_243' title='bbox 1032 3383 1085 3437; x_wconf 75' lang='grc'><strong>100</strong></span> 
     </span>
     <span class='ocr_line' id='line_1_38' title="bbox 98 3461 800 3540; baseline -0.009 -17"><span class='ocrx_word' id='word_1_244' title='bbox 98 3461 218 3524; x_wconf 88' lang='lat' dir='ltr'><strong>Ultimus</strong></span> <span class='ocrx_word' id='word_1_245' title='bbox 240 3461 369 3536; x_wconf 86' lang='lat' dir='ltr'><strong>ardebit,</strong></span> <span class='ocrx_word' id='word_1_246' title='bbox 393 3476 478 3540; x_wconf 90' lang='lat' dir='ltr'><strong>quem</strong></span> <span class='ocrx_word' id='word_1_247' title='bbox 499 3462 597 3539; x_wconf 81' lang='lat' dir='ltr'><strong>tegula</strong></span> <span class='ocrx_word' id='word_1_248' title='bbox 618 3461 681 3521; x_wconf 88' lang='lat' dir='ltr'><strong>sola</strong></span> <span class='ocrx_word' id='word_1_249' title='bbox 703 3469 800 3520; x_wconf 88' lang='lat' dir='ltr'><strong>tuetur</strong></span> 
     </span>
     <span class='ocr_line' id='line_1_39' title="bbox 99 3542 861 3625; baseline -0.007 -19"><span class='ocrx_word' id='word_1_250' title='bbox 99 3545 124 3606; x_wconf 81' lang='lat' dir='ltr'><strong>d</strong></span> <span class='ocrx_word' id='word_1_251' title='bbox 146 3546 262 3625; x_wconf 83' lang='lat' dir='ltr'><strong>pluvia,</strong></span> <span class='ocrx_word' id='word_1_252' title='bbox 284 3544 458 3606; x_wconf 83' lang='lat' dir='ltr'><strong>molles.ubi</strong></span> <span class='ocrx_word' id='word_1_253' title='bbox 480 3547 602 3606; x_wconf 91' lang='lat' dir='ltr'><strong>reddunt</strong></span> <span class='ocrx_word' id='word_1_254' title='bbox 623 3561 678 3604; x_wconf 86' lang='lat' dir='ltr'><strong>ora</strong></span> <span class='ocrx_word' id='word_1_255' title='bbox 699 3542 861 3604; x_wconf 85' lang='lat' dir='ltr'><strong>columbae.</strong></span> 
     </span>
    </p>
   </div>
   <div class='ocr_carea' id='block_1_3' title="bbox 0 0 1289 4028">
    <p class='ocr_par' dir='ltr' id='par_1_20' title="bbox 0 0 1289 4028">
     <span class='ocr_line' id='line_1_40' title="bbox 0 0 1289 4028; baseline 0 0"><span class='ocrx_word' id='word_1_256' title='bbox 0 0 1289 4028; x_wconf 95' lang='lat' dir='ltr'><strong> </strong></span> 
     </span>
    </p>
   </div>
  </div>
 </body>
</html>
