2552 4028
201 252 242 316 30
546 263 581 309 o.
607 263 676 310 rou.
699 261 886 310 mvnunmu

202 404 398 468 chironomon
419 400 525 462 laedam
544 400 625 462 molli
647 400 772 462 saltante
793 401 939 478 Bathyllo,

201 491 308 553 Tuccia
334 488 412 548 vesi.¹
426 506 436 547 a·
474 499 532 546 non
551 487 690 565 impurat;
713 483 830 566 Appula
851 489 960 566 gannit,

201 577 283 636 Sient
301 575 330 634 in
353 571 505 651 amplexu,
531 570 663 630 anhidum
683 577 712 630 ut
733 570 914 641 miserabile3
939 569 1057 649 longum

199 658 332 720 Attendit
354 654 512 733 Thymelu3
536 653 677 730 Thymele
699 663 766 714 tuno
788 656 897 716 mstloa
919 656 1014 716 disoit.

199 743 255 804 Aut
278 742 371 819 aliau,
396 741 512 819 quoties
533 740 636 800 aulaea
657 739 810 801 recondita
834 749 963 818 oessant,

199 827 238 888 Et
261 844 355 887 naono
379 826 540 904 olaasoquu
562 833 666 884 sonant
689 824 754 885 lora
776 824 988 902 salamanna,

199 912 298 991 Atque
320 931 336 973 a
359 908 489 972 Plulroils
508 909 600 990 longe
620 907 800 987 Megalesia,
824 910 924 970 tristes
1264 975 1265 978 Ἴ

199 998 357 1058 Personam
378 995 568 1074 thyrsumque
591 1002 692 1055 tenent
714 1001 744 1054 ut
765 992 896 1074 suhllgar
918 993 1002 1070 haul.
1163 1003 1198 1060 it)

199 1082 324 1143 Urbicus
349 1081 457 1140 exodio
480 1080 569 1138 risum
590 1087 689 1138 movet
712 1077 868 1138 Atellanae
1264 1109 1265 1130 r

200 1165 336 1227 Gestihus
359 1162 527 1222 Autonoes:
549 1162 625 1222 huno
648 1162 743 1239 diligit
766 1160 852 1222 helia
872 1179 996 1241 pauper.

200 1249 329 1310 Solvitur
350 1247 395 1307 his
417 1263 522 1324 magno
542 1245 677 1307 oomoudi
699 1244 802 1315 llhula;
824 1254 889 1306 unnt
910 1261 987 1328 quau

200 1333 424 1410 Chrysogonum
446 1339 564 1391 cantare
582 1338 696 1399 autenm
721 1327 854 1408 ltrspnlla
875 1331 1018 1408 tragoedo

200 1417 329 1480 Gaudet:
358 1433 395 1476 an
416 1423 591 1495 exspuatur,
611 1423 643 1474 ut
666 1413 858 1488 Quintilianus
880 1413 1013 1476 amaturi
1161 1423 1198 1481 ts

201 1502 320 1582 hooipis
342 1517 482 1575 uxorum,
506 1500 543 1560 do
567 1515 623 1578 qua
648 1498 834 1560 altharoedus
857 1497 971 1560 Euhion

201 1586 257 1649 Ant
280 1584 445 1665 Glaphyrus
466 1585 516 1646 liat
536 1593 622 1667 pater
645 1583 874 1663 Ambrosiusque
897 1583 1062 1647 ohoruulus.

201 1670 299 1750 Longa
322 1689 377 1751 per
399 1679 539 1749 augustos
562 1669 682 1747 ligamus
703 1669 815 1748 pulpita
837 1669 930 1746 riuos,

200 1757 346 1818 Ornuntur
368 1765 471 1833 postes
497 1764 527 1814 et
548 1752 650 1832 grandi
673 1753 756 1814 lanua
776 1751 870 1829 lauro,

201 1839 238 1902 Ut
253 1839 421 1900 testudineo
445 1837 512 1915 tihi,
538 1837 678 1914 lentule,
702 1851 841 1916 conopeo
1158 1847 1199 1904 8⁰

199 1923 314 1984 Nobilis
338 1921 494 1998 Euryalum
517 1921 720 1982 mirmillonum
742 1922 888 1999 exprimat
911 1920 1014 1982 lalans.

199 2008 295 2087 Nupta
325 2007 453 2066 senatori
477 2006 611 2065 comitata
633 2012 680 2063 ast
701 2001 797 2083 Eppia
819 2003 927 2066 ludium

199 2091 246 2152 Ad
269 2091 384 2151 Pharon
408 2098 437 2148 et
458 2085 554 2148 Nilum
576 2087 747 2167 famosaque
771 2089 885 2150 moenia
907 2087 990 2166 Lagi,

200 2174 335 2253 Prodigia
358 2181 388 2232 et
409 2186 507 2233 mores
533 2171 613 2232 urhis
636 2172 790 2232 darnnantu
813 2168 946 2252 canopo.

200 2258 353 2320 Immemor
373 2256 424 2318 illa
447 2257 548 2317 domas
572 2263 603 2317 et
625 2257 759 2335 uumugis
779 2263 867 2336 atqua
889 2257 1001 2317 sororis
1163 2267 1201 2324 as

200 2343 248 2404 Nil
271 2343 383 2421 patriae
405 2340 539 2417 indulsit,
562 2341 774 2421 plorantesque
796 2340 928 2420 improha
948 2350 1044 2417 natos,

200 2427 297 2507 thuu
320 2428 413 2506 magis
435 2435 570 2506 stupeas,
592 2426 679 2486 ludas
700 2425 893 2505 Paridemque
912 2423 1040 2506 reliquit.

201 2513 262 2575 aad
285 2529 457 2591 quamquam
478 2511 508 2572 h
527 2512 640 2590 magnis
660 2509 771 2589 opilius
789 2510 945 2590 phumaqne
967 2517 1088 2588 patema

201 2597 239 2657 Et
261 2596 450 2672 segmentatis
470 2595 627 2655 dormisset
645 2593 767 2671 parvnta
787 2594 880 2667 aunis,

202 2679 382 2757 Contempsit
394 2676 532 2755 pelagum
548 2677 653 2735 lamam
675 2683 892 2754 oontumpaeuat
912 2674 998 2750 olim,
1163 2687 1201 2744 ω

203 2760 291 2822 Graius
314 2760 391 2839 apud
413 2757 518 2817 molles
538 2759 652 2818 minima
674 2767 720 2817 ost
741 2759 851 2818 iaotura
874 2756 1038 2819 oathudrau.

202 2843 370 2921 Tyrrhenos
394 2842 483 2920 igitur
504 2841 608 2903 duatus
628 2841 751 2921 lataque
770 2850 923 2904 *sonantum

201 2927 323 2992 Pertulit
344 2927 454 2988 lonium
477 2927 621 2988 eonutanti
642 2935 784 3006 puotura,
808 2926 939 3006 quamvls

201 3013 366 3076 Mutandum
386 3013 475 3072 toties
498 3019 579 3072 ussat
598 3026 688 3072 maru.
733 3011 812 3072 lusta
833 3009 938 3090 paradi

202 3100 233 3162 si
257 3099 330 3160 ratio
354 3106 400 3159 est
422 3105 451 3156 ut
470 3097 607 3173 honesta,
630 3097 733 3158 timent
753 3095 918 3176 pavidoque
939 3093 1072 3174 gelantur
1160 3105 1197 3162 95

203 3185 344 3261 Peotore‚
369 3199 428 3244 neo
447 3182 578 3243 tmmulls
599 3189 724 3261 poseant
744 3181 884 3240 lusrhtero
900 3179 1024 3259 plantis:

203 3267 321 3330 Portum
343 3270 466 3330 animum
487 3273 639 3347 praestant
657 3265 763 3342 nahts,
787 3277 859 3344 quas
879 3265 1004 3345 turpiter
1027 3263 1143 3325 aadm.

203 3352 235 3414 Sl
258 3353 356 3414 iubeat
370 3354 505 3430 oonlunn,
525 3352 626 3415 durum
647 3358 694 3412 ust
707 3348 911 3410 eanmundere
932 3365 1050 3417 aarum

204 3435 285 3497 'luno
305 3439 417 3499 sentina
439 3438 554 3515 mnis,
576 3443 644 3496 tane
665 3451 796 3496 sommus
813 3434 934 3494 vertitur
956 3447 1023 3494 aer:

204 3519 286 3594 Quae
303 3521 456 3582 mouahnm
475 3521 622 3600 aequitum,
646 3518 796 3582 stomaoho
812 3517 904 3589 valea
921 3517 971 3578 llla
990 3517 1120 3578 maritum
1141 3527 1195 3580 loo
