2592 4022
203 245 243 308 76
354 313 361 327 .
550 253 586 302 n.
606 253 678 302 run.
698 254 885 304 ruvnnanrs

202 395 337 476 Hospes,
362 403 391 455 et
413 395 478 473 ipse
498 400 593 452 tamen
616 393 786 472 contingens
808 396 947 473 sanguiue
971 397 1105 462 coelum:

203 479 288 541 Alter
310 478 408 558 aquis,
434 476 508 537 alter
531 475 650 538 dammis
673 478 709 538 ad
731 478 828 539 sidera
851 479 963 540 missus.

203 562 326 624 Fercula
350 579 425 623 nnnc
451 560 517 622 andi
540 561 625 622 nullis
650 570 750 623 omata
770 562 914 624 macellis.

202 646 249 707 De
272 645 421 707 l'iburtino
444 645 543 706 veniet
565 646 767 724 pinguissimus
793 663 865 723 agro
1161 661 1197 716 65

203 729 349 792 Haedulus
372 739 402 790 et
424 737 485 790 toto
510 747 604 808 grege
626 729 759 806 mollior,
783 729 891 791 inscius
913 730 1034 809 herbae,

201 813 333 875 Necdum
353 831 439 874 ausus
461 813 560 891 virgas
581 813 694 876 humilis
717 812 853 874 mordere
873 814 980 893 salicti,

203 897 259 971 Qui
280 899 346 978 plus
370 897 454 960 lactis
478 895 568 958 babet
590 915 675 977 quam
698 898 860 976 sanguinis,
886 906 917 958 et
937 901 1062 962 montani

202 981 363 1061 Asparagi,
388 982 485 1061 posito
510 997 584 1060 quos
609 981 684 1060 legit
716 982 802 1042 vilica
827 981 908 1052 iuso;

203 1065 327 1128 Grandia
354 1074 509 1145 practerea
533 1073 677 1145 tortoque
694 1061 818 1127 calentia
840 1064 929 1126 loeno
1160 1076 1194 1133 70

203 1149 264 1209 Ora
287 1149 391 1209 adsunt
415 1149 486 1227 ipsis
510 1165 573 1208 cum
597 1150 750 1226 matribus,
778 1159 807 1209 et
829 1158 963 1211 servatae

201 1233 288 1294 Parte
315 1233 396 1307 anni,
421 1230 523 1311 quales
548 1231 662 1293 inerant
685 1233 713 1293 in
737 1233 862 1310 vitibus,
884 1249 968 1309 uvae,

201 1315 349 1392 Signinum
375 1315 547 1394 Syriumque
569 1316 677 1394 pirum,
701 1316 738 1378 dc
762 1316 899 1378 corbibus
922 1316 1013 1377 isdem

201 1398 326 1460 Aemula
351 1398 464 1460 Picenis
490 1406 521 1460 et
542 1399 642 1460 odoris
665 1399 740 1462 mala
763 1401 901 1478 recentis,

201 1481 265 1546 Nec
284 1482 437 1562 metuenda
459 1482 526 1559 tibi,
551 1485 690 1544 siccatum
712 1484 822 1562 frigore
846 1491 999 1564 postquam
1157 1494 1191 1552 ts

201 1566 373 1629 Autumnum
400 1576 429 1628 ct
451 1566 531 1628 crudi
554 1584 682 1646 posuere
707 1567 838 1648 pericula
862 1570 952 1628 succi.

202 1649 283 1714 llaec
307 1651 375 1712 olim
397 1653 489 1712 nostri
510 1653 566 1712 iam
588 1652 736 1714 luxuriosa
759 1661 876 1714 senatus

202 1732 303 1797 Goena
327 1735 394 1796 luit:
418 1732 538 1812 Curius,
564 1753 654 1815 parvo
680 1755 755 1816 quae
777 1735 891 1814 legerat
916 1736 1012 1812 horto,

201 1816 270 1897 lpse
295 1818 371 1880 iocis
392 1817 531 1880 brevibus
555 1818 684 1899 ponebat
705 1819 852 1896 oluscula,
878 1837 952 1898 quae
972 1837 1048 1882 nunc

201 1901 356 1980 Squalidus
380 1903 409 1962 in
435 1921 537 1980 magna
558 1903 674 1964 fastidit
688 1902 829 1983 compede
853 1903 961 1978 fossor,
1154 1915 1193 1970 eo

202 1983 258 2060 Qui
279 1987 427 2062 meminit,
452 1986 564 2048 calidae
585 1988 679 2064 sapiat
701 1987 769 2066 quid
790 1986 875 2047 vulva
896 1985 1033 2066 popinae.

201 2069 279 2130 Slcci
306 2077 390 2147 terga
415 2068 492 2144 suis,
517 2087 582 2129 rara
604 2069 761 2149 pendentia
787 2080 877 2147 crate,
932 2119 933 2124 ,

162 2153 164 2158 ’
199 2150 290 2212 lloris
317 2161 380 2213 erat
405 2152 548 2231 quondam
575 2152 661 2214 iestis
682 2171 802 2215 servare
824 2153 928 2215 diebus

199 2234 238 2296 lit
263 2235 429 2298 natalicium
451 2238 582 2316 cognatis
605 2255 717 2317 ponere
740 2237 861 2314 lardum,

201 2317 374 2381 Accedente
398 2337 490 2399 nova,
513 2321 538 2381 si
561 2339 645 2402 quam
668 2321 754 2383 dabat
778 2321 889 2399 bostis,
916 2338 1012 2382 carne.
1046 2325 1048 2328 ⁴
1155 2331 1193 2387 8⁵

201 2399 397 2482 cognanrum
423 2404 527 2484 aliquis
550 2405 633 2467 titulo
659 2414 704 2466 ter
730 2405 858 2467 consulis
881 2413 967 2485 atque

201 2484 368 2549 Castrorum
394 2489 524 2569 imperiis
547 2481 747 2552 et'dictatoris
772 2489 885 2550 honore

135 2621 152 2648 .„
199 2569 327 2633 Functus
351 2572 387 2633 ad
410 2573 462 2634 luas
489 2571 591 2653 epulas
611 2574 697 2635 solito
720 2574 856 2636 maturius
879 2573 949 2650 ibat,

143 2648 338 2758 QErectnm
356 2655 464 2716 domito
488 2657 622 2719 referens
645 2676 661 2719 a
682 2666 780 2717 monte
797 2658 936 2735 ligonem.

200 2738 294 2812 Quum
315 2748 473 2799 tremerent
493 2748 587 2800 autem
608 2740 717 2802 Fabios
740 2741 898 2821 durumque
921 2737 1061 2802 Catonem
1158 2750 1194 2806 9⁰

200 2820 238 2882 llt
258 2820 386 2882 Scauros
410 2831 440 2882 ct
459 2821 628 2901 Fabricios,
648 2833 797 2904 postremo
819 2843 942 2886 severos

201 2902 341 2966 Censoris
359 2923 458 2968 mores
480 2907 566 2969 etianr
585 2908 701 2987 collega
722 2912 848 2987 timeret,

200 2988 293 3050 Nemo
313 2991 389 3052 inter
409 3008 493 3052 curas
517 3001 546 3052 et
567 2995 645 3054 seria
667 2993 747 3056 duxit
764 2993 938 3071 habendum,

201 3072 303 3145 Qualis
324 3074 352 3134 in
373 3074 493 3136 Oceano
513 3075 601 3138 fluctu
620 3077 736 3139 testudo
756 3087 878 3155 nataret,

203 3153 319 3217 Clarum
344 3156 518 3236 Troiugenis
537 3159 647 3224 iactura
676 3169 705 3219 et
728 3161 827 3222 nobile
853 3161 992 3233 fulcrum
1156 3170 1192 3226 ⁹⁵

202 3239 261 3301 Sed
282 3241 359 3303 nudo
381 3241 475 3303 latere
497 3253 526 3304 et
547 3244 646 3323 parvis
669 3243 750 3304 irnns
770 3263 856 3306 aerea
879 3245 965 3306 lectis

201 3321 268 3383 Vile
291 3326 421 3389 coronati
443 3336 529 3408 caput
548 3326 721 3389 ostendebat
743 3330 837 3406 aselli,

202 3405 248 3466 Ad
273 3409 350 3486 qaod
372 3409 474 3470 lascivi
495 3409 633 3472 ludebant
657 3413 732 3472 ruris
754 3412 868 3473 alumni.

202 3488 291 3550 Tales
316 3508 388 3570 ergo
415 3493 489 3570 cibi,
512 3494 605 3573 qualis
628 3493 729 3555 domus
751 3504 839 3575 atque
859 3495 1004 3575 supellex.
