2592 4022
475 285 601 334 statuta
622 287 656 334 X.

80 429 124 492 Ut
146 426 245 507 pueris
268 426 388 505 placeas
411 433 441 486 et
463 424 635 486 declamatio
659 425 727 486 lias!

80 513 166 576 Unus
188 509 308 571 Pellaeo
330 511 427 570 inveni
451 527 508 570 non
529 509 638 570 suflicit
660 508 755 580 orbis3

81 596 209 657 Aestuat
228 593 331 654 infelix
352 602 475 671 angusto
494 593 585 654 limite
608 591 714 668 muudi,

80 679 124 742 Ut
150 677 236 755 Gyari
260 677 376 739 clausus
399 678 530 757 scopulis
553 695 701 755 parvaque
725 676 867 756 Seripho:
1022 688 1075 745 170

83 761 180 837 Quum
204 770 300 822 mmen
324 779 341 822 a
368 760 464 838 ligulis
486 762 619 821 munitam
642 762 792 822 intraverit
814 760 924 839 urbem,

81 845 278 926 Sarcophago
300 852 454 906 contentus
479 846 543 905 erit.
576 843 655 906 diors
676 845 739 906 sola
761 845 877 925 latetur,

83 929 229 1005 Quantula
255 930 312 989 sint
334 928 477 990 hominum
500 927 684 1007 corpuscula.
722 926 856 990 Creditur
879 927 947 990 olim

80 1013 257 1075 Velilicatos
279 1011 372 1073 Athos
396 1021 426 1074 et
448 1012 586 1091 quidquid
609 1010 733 1073 Graecia
753 1012 879 1074 mendax

82 1097 183 1159 Audet
203 1099 232 1157 in
254 1095 389 1173 historia,
413 1105 589 1158 constratum
611 1095 754 1157 classibus
776 1095 868 1158 isdem
1022 1104 1074 1160 175

81 1182 330 1261 Supposirumque
354 1181 426 1241 rotis
450 1180 573 1240 solidum
595 1196 692 1250 mare;
720 1180 866 1242 credimus
888 1179 964 1242 altos
1044 1215 1050 1223 ·

81 1265 241 1330 Deiecisse
265 1282 364 1326 amnes
389 1274 534 1344 epotaque
557 1263 673 1325 domina
698 1263 785 1326 bledo

82 1349 264 1426 Prandente,
288 1358 318 1410 et
342 1348 465 1410 madidis
492 1357 587 1409 cantat
610 1365 685 1428 quae
711 1350 860 1409 Sostratus
883 1348 946 1410 alis.

81 1432 140 1494 ille
163 1441 258 1493 tamen
280 1431 374 1512 qualis
398 1432 483 1493 rediit
507 1432 650 1494 Salamine
672 1431 786 1508 relicta,

82 1517 117 1578 ln
145 1513 251 1577 Gorum
274 1526 359 1596 atque
385 1514 493 1577 Eurum
519 1515 622 1576 solitus
646 1516 760 1575 saevire
786 1514 912 1593 flagellis
1021 1525 1073 1580 18⁰

81 1600 245 1676 Barbarae,
270 1599 377 1661 Aeolio
402 1617 554 1679 numquam
578 1599 636 1660 hoc
659 1600 688 1657 irr
712 1616 835 1660 carcere
860 1615 977 1676 passos,

83 1683 183 1762 ipsum
205 1683 395 1764 compedibus
416 1686 464 1763 qui
487 1683 620 1744 vinxerat
642 1677 880 1760 Ennosigaeum?

83 1766 182 1828 blitius
207 1767 235 1827 id
258 1786 344 1838 sane;
369 1764 458 1848 quid?
484 1785 541 1828 non
566 1775 596 1827 et
619 1767 752 1846 stigmate
778 1766 893 1844 dignum

83 1848 237 1912 Credidit?
259 1849 326 1913 huic
353 1852 505 1932 quisquam
526 1851 618 1912 vellet
642 1852 755 1911 servire
777 1846 921 1911 deornm?

83 1933 146 1997 Sed
169 1936 263 2015 qualis
285 1933 393 1997 rediit?
418 1953 524 2016 nempe
547 1953 602 1996 una
625 1953 715 2012 nave,
744 1935 870 1995 cruentis
1021 1944 1071 2000 185

81 2018 234 2080 Fluctibus
259 2037 294 2079 ac
319 2020 401 2082 tarda
422 2038 476 2100 per
500 2019 590 2080 densa
614 2020 757 2081 cadavera
783 2035 881 2098 prora.

81 2102 143 2164 llas
162 2105 251 2164 toties
270 2111 368 2183 optata
394 2104 493 2183 exegit
514 2104 610 2182 glorio
635 2103 763 2183 poenas!
1037 2079 1115 2154 L·-

124 2187 169 2248 Da
189 2188 311 2267 epatium
333 2188 427 2265 vitae,
455 2187 561 2249 multos
589 2187 642 2263 da,
666 2187 817 2266 luppiter,
840 2184 946 2248 annos!

82 2271 148 2333 Hoc
169 2280 252 2334 recto
276 2271 372 2347 vultu,
403 2273 496 2336 solum
518 2271 576 2332 hoc
598 2280 627 2330 et
649 2269 774 2349 pallidus
798 2280 892 2349 optas.
921 2335 923 2340 ,

82 2356 145 2418 Sed
174 2373 258 2434 quam
281 2355 425 2416 continuis
449 2362 479 2414 et
505 2355 616 2433 quantis
639 2353 727 2429 longa
750 2362 888 2414 senectus
1023 2361 1074 2420 190

84 2441 174 2503 Plena
194 2438 291 2500 malis!
316 2438 476 2502 deiornrem
498 2447 527 2497 et
549 2446 652 2497 tetrum
674 2445 740 2497 ante
765 2437 859 2497 omnia
881 2435 989 2497 vultum

81 2523 321 2602 Dissimilemque
347 2522 408 2598 sui,
433 2521 593 2582 deformem
620 2538 673 2598 pro
700 2528 766 2580 cute
791 2519 901 2599 pellem

81 2607 308 2688 Pendentesque
328 2624 420 2685 genas
441 2613 472 2665 et
498 2603 574 2665 tales
594 2605 696 2683 aspice
721 2621 821 2681 rugas,

82 2691 213 2768 Quales,
241 2691 416 2751 umbriferos
439 2689 488 2749 ubi
511 2688 609 2769 pandit
632 2686 783 2748 Thabraca
806 2686 906 2766 saltus,

80 2775 116 2836 ln
141 2774 239 2835 vetula
266 2775 372 2855 scalpit
393 2776 448 2836 iam
470 2781 563 2834 mater
585 2772 666 2834 simia
689 2772 791 2836 bucca.
881 2767 888 2780 ’
1023 2782 1073 2838 195

82 2857 209 2919 Plurima
231 2867 295 2918 sunt
319 2860 454 2918 iuvenum
480 2857 659 2926 discrimina;
685 2856 835 2936 pulchrior
856 2856 907 2917 ille

81 2939 166 3018 lloc,
190 2948 277 3019 atque
299 2941 350 3000 ille
371 2941 446 3017 alio,
467 2941 584 3001 multum
607 2941 656 3002 hic
678 2941 825 3001 robustior
847 2938 920 3002 illu:¹

82 3024 149 3087 Una
171 3042 272 3084 senum
294 3023 402 3100 iacies,
427 3041 490 3084 oum
516 3040 591 3083 voce
617 3026 769 3084 trementia
792 3021 920 3083 membra

82 3109 123 3172 Et
145 3109 201 3170 iam
223 3108 291 3171 leve
315 3116 402 3187 caput
422 3107 586 3187 madidique
611 3109 727 3170 inlantia
751 3107 822 3167 nasi.

83 3193 276 3272 Frangendus
296 3192 403 3256 misero
425 3193 543 3272 gingiua
564 3194 647 3272 panis
669 3191 784 3252 inermi:
1022 3198 1074 3252 20⁰

83 3277 187 3358 Usque
211 3278 284 3340 adeo
308 3276 407 3357 gravis
429 3277 514 3338 uxori
539 3278 670 3357 natisque
694 3274 819 3353 sibique,

84 3361 123 3424 Ut
145 3364 287 3443 captatori
311 3370 426 3424 moueat
450 3360 564 3423 fastidia
587 3358 693 3420 Cosso.

84 3444 151 3506 Non
177 3446 278 3507 eadem
304 3446 363 3507 vini
384 3453 473 3526 alque
498 3445 574 3521 cibi,
596 3451 731 3523 torpente
757 3441 866 3521 palato,

85 3527 210 3600 (laudia3
240 3549 304 3592 nam
329 3532 423 3591 coitus
446 3531 502 3590 iarn
526 3530 614 3607 longa
641 3527 768 3604 obliuio,
793 3525 841 3586 uel
867 3524 891 3586 si
