2592 4022
223 261 264 322 64
581 270 616 318 n.
638 269 708 318 run.
733 269 919 320 munusue

221 413 269 476 De
292 428 385 489 grege
407 406 591 486 Moesorum,
618 409 666 489 qui
689 427 734 470 me
761 411 879 471 eervioe
900 412 996 474 looala

223 497 363 559 Securum
386 492 503 553 iubeant
527 493 656 554 elamoso
679 495 814 554 insistere
842 496 931 557 oireo.

223 581 266 642 Sil
290 577 357 639 milri
378 585 533 657 praeterea
558 597 665 638 curvus
687 578 818 639 caelator
840 587 869 638 el
893 580 977 658 aller,
1164 595 1214 652 145

223 663 279 738 Qui
299 662 403 723 multas
424 661 516 722 laeies
540 662 631 741 pingis
654 663 728 723 cilo:
752 662 896 724 suilioiunl
916 664 1000 744 haee,

223 746 344 820 Quando
369 763 426 824 ego
449 763 563 825 pauper
584 746 654 807 ero!
681 745 787 807 Votum
809 747 993 826 miserabile,
1016 767 1074 813 neo
1098 771 1173 833 spes
1205 761 1208 768 ’

220 829 273 891 llis
299 831 417 900 sallem3
443 849 509 890 nam
532 847 618 912 qaum
639 847 693 910 pro
718 849 765 891 me
790 829 916 894 Fortuna
937 844 1067 914 rogatur,

221 913 323 975 Aldxil
348 932 432 976 esras
454 914 504 975 illa
528 914 661 976 denaus
683 917 799 994 petitas,

223 997 306 1073 Quae
328 999 443 1061 Siculos
470 1007 570 1060 oanlus
597 999 698 1077 effugii
718 1001 831 1077 remige
856 1003 979 1065 surdo.“
1165 1019 1214 1074 ιω

558 1227 866 1242 m

499 1423 540 1516 ll.
567 1419 677 1516 lllllll
701 1422 925 1520 lllllllllll

625 1593 804 1670 uuunuuu

372 1737 1059 1857 sudldlddll

571 1947 673 2012 LIBER
699 1948 865 2025 QUARTUS.

632 2133 800 2144 Ἥ

550 2249 788 2320 SATIRA
824 2253 869 2317 X.

220 2362 365 2459 omnibns
387 2393 417 2452 in
437 2394 542 2470 terris,
567 2412 642 2474 quae
665 2403 730 2456 sunl
752 2412 769 2456 a
794 2392 923 2456 Gadibus
944 2411 1037 2474 usque

219 2481 363 2542 Auroram
384 2486 414 2538 et
437 2477 582 2556 Gangen,
606 2480 692 2558 pauoi
716 2478 872 2540 dinoscere
896 2487 1017 2560 possunt

219 2564 298 2626 Vera
324 2563 401 2624 bona
422 2570 508 2642 atque
531 2562 589 2622 illis
612 2563 730 2623 mullum
755 2562 889 2638 diversa,
913 2571 1025 2624 remota

219 2649 336 2710 Erroris
360 2645 476 2707 nebula.
515 2644 590 2717 Quid
616 2648 692 2706 enim
712 2647 825 2707 ratione
850 2645 982 2708 timemus

219 2732 278 2792 Auo
301 2726 455 2809 cupimus?
483 2730 551 2807 quid
571 2739 628 2790 tana
648 2729 751 2790 dextro
778 2730 855 2809 pede
881 2731 1030 2812 canapis,
1052 2739 1084 2792 nl
1105 2739 1138 2794 ie
1197 2743 1213 2796 5

221 2814 349 2876 donatus
370 2831 428 2874 non
451 2813 600 2891 poeniteat
621 2814 741 2892 votique
763 2810 897 2893 peraeli?

218 2899 364 2962 Evertere
388 2897 489 2958 domos
515 2906 592 2960 lotas
617 2898 783 2977 optantibus
804 2899 877 2978 ipsis

218 2984 256 3046 lli
283 2983 400 3051 faciles:
427 2982 559 3043 nocitura
580 2991 667 3062 loga,
692 2984 823 3044 nocitura
848 2991 982 3062 peluntur

218 3068 335 3137 Militia:
362 3077 478 3129 torrens
502 3067 618 3129 dicendi
645 3070 730 3146 eopia
754 3067 850 3128 mullis

219 3152 257 3213 Et
278 3170 330 3213 sua
352 3152 501 3213 mortifera
524 3160 570 3212 est
592 3150 740 3220 iaoundia;
764 3151 874 3213 viribus
896 3149 948 3212 ille
1181 3162 1214 3218 ro

221 3235 354 3298 Gondans
379 3237 466 3316 periil
486 3235 719 3315 admirandisque
742 3234 871 3298 lacertis

220 3321 280 3382 Sed
305 3321 405 3400 plures
427 3320 513 3382 nimia
535 3328 676 3398 congesta
699 3321 824 3398 peounia
849 3337 917 3382 eura

220 3404 385 3483 strangulat
409 3415 438 3465 el
462 3415 564 3466 cuneta
589 3422 769 3482 exsuperans
794 3404 965 3483 patrimonia
991 3419 1110 3486 oeneus,

221 3485 335 3561 Quando
362 3488 507 3568 delphinis
529 3487 664 3550 ballaena
687 3488 855 3550 Britannica
871 3490 971 3550 maior.
