2552 4028
508 259 632 308 sunum
654 261 701 310 vt.
1035 251 1075 314 ct
1113 283 1115 286 -

78 398 171 472 Quae
187 397 319 476 peperit;
340 396 454 457 timidus
476 399 775 477 praegustebpocnla
796 403 934 481 pappos]

78 480 234 559 Fingimus
255 481 330 542 baec
351 480 440 542 altum
461 483 550 541 satira
573 491 704 542 sumente
725 483 893 544 cothurnum

79 564 209 626 Scilicet
231 575 261 626 et
283 566 368 625 linem
391 567 506 644 egressi
527 566 684 646 legemque
706 567 835 645 priorum
1025 581 1077 636 635

81 648 202 711 Grande
224 649 397 729 Sophocleo
419 667 537 710 carmen
558 649 734 710 bacchamur
754 650 844 728 hiatu,

80 732 233 794 llontibus
252 735 381 810 ignotum
400 732 516 794 Rutulis
539 733 685 812 coeloque
706 731 830 794 Latino?

80 816 147 878 Nos
168 817 275 878 udnam
296 819 363 879 vani
370 817 377 877 1
400 816 454 877 sed
477 817 581 878 clamat
598 817 715 878 Pontia:
738 817 822 893 Feci,

81 898 254 978 Confiteor,
278 902 437 980 puerisque
459 902 533 961 meis
554 903 668 962 aconita
690 903 801 981 paraui,

82 985 169 1059 Quae
187 984 333 1064 deprensa
356 993 471 1064 patent:
493 985 621 1046 lacinus:
643 994 739 1046 tamen
759 987 824 1064 ipsa
847 988 1007 1065 peregi-
1026 999 1079 1054 646

82 1067 167 1130 'lune
190 1067 263 1129 duos
284 1087 355 1146 una,
379 1069 551 1130 saevissima
573 1071 692 1149 uipera,
717 1066 832 1130 coena?

83 1152 167 1213 'lune
189 1150 474 1231 docel-Septem,
492 1153 517 1212 si
529 1163 643 1231 septem
662 1153 739 1213 iorte
762 1154 949 1214 inissent!-

83 1234 247 1298 Gredamus
267 1237 405 1314 tragicis,
429 1235 567 1316 quidquid
587 1236 624 1297 de
648 1235 790 1298 colchide
809 1246 893 1299 torva

82 1321 199 1381 Dicitur
221 1327 251 1380 et
272 1319 403 1380 Procne:
426 1320 466 1380 nil
489 1329 590 1381 contro
612 1337 718 1390 conor3
742 1331 771 1382 et
793 1321 861 1380 illae

85 1403 211 1466 Grandia
232 1412 361 1464 monstra
382 1405 442 1464 suis
461 1404 606 1465 audebant
627 1406 823 1483 temporibns;
846 1404 900 1465 sed
1027 1419 1078 1474 645

83 1487 151 1550 Non
174 1496 298 1567 propter
318 1504 459 1548 nummos.
503 1486 599 1548 llinor
621 1489 770 1549 admiratio
791 1489 907 1549 summis

84 1571 218 1634 Debetur
238 1573 391 1646 monstris,
415 1573 531 1652 quoties
553 1571 624 1632 iacit
646 1573 689 1632 ira
710 1581 865 1632 nocentem

84 1657 169 1718 Hunc
188 1673 304 1725 sexum;
326 1655 409 1716 rabie
431 1657 514 1716 iecur
535 1657 710 1717 incendente
733 1656 865 1717 feruntur

85 1741 284 1818 Praecipites,
304 1748 335 1799 nt
358 1756 429 1800 saxa
451 1741 527 1817 iugis
550 1739 689 1818 abrupta,
712 1738 817 1819 quibus
837 1754 920 1799 mons

86 1823 271 1887 Subtrahitur
293 1823 430 1904 clivoque
451 1823 525 1885 latus
547 1823 693 1903 pendente
714 1825 837 1886 recedit.
1026 1837 1080 1892 650

52 1928 55 1933 ·
84 1907 170 1970 Illam
192 1926 250 1986 ego
272 1925 329 1970 uon
351 1907 481 1985 tulerim,
506 1924 581 1987 quae
601 1916 749 1987 computat
768 1917 797 1969 et
818 1907 917 1970 scelus
938 1909 1041 1988 ingens

86 1992 165 2054 Sana
184 1991 262 2052 iacit.
306 1993 447 2072 Spectant
468 1992 640 2064 subeuntem
660 1993 719 2055 iata
740 1995 838 2054 mariti·

86 2075 229 2137 Alcestim
251 2085 297 2154 et,
319 2077 421 2138 similis
438 2077 463 2136 si
486 2079 658 2156 permutatio
680 2078 775 2154 detur,

86 2158 181 2222 llorte
203 2161 258 2220 uiri
283 2162 398 2239 cupiant
418 2161 539 2221 animam
562 2179 682 2222 servare
706 2163 842 2222 catellae.

88 2243 251 2306 Occurrent
271 2244 378 2305 multae
399 2244 452 2305 tibi
472 2244 591 2306 Belides
610 2254 697 2324 atque
720 2245 881 2324 Eriphylae
1026 2257 1079 2312 666

87 2326 187 2399 Hane:
209 2326 470 2406 Clytaemnestram
491 2329 587 2389 nullus
607 2344 664 2388 non
685 2331 767 2389 vicus
788 2329 914 2390 habebit.

87 2411 152 2474 lloc
173 2422 280 2475 tantum
294 2413 402 2488 refert,
426 2412 504 2492 quod
526 2411 668 2487 Tyndaris
688 2413 738 2472 illa
760 2412 916 2490 bipennem

88 2495 229 2560 insulsam
251 2505 281 2558 et
302 2496 408 2570 fatuam
430 2496 532 2557 dextra
556 2495 698 2574 laevaque
717 2495 852 2557 tenebat:

89 2581 128 2641 At
148 2600 224 2643 nunc
245 2599 295 2641 res
315 2583 409 2660 agitur
430 2581 508 2641 tenui
529 2578 666 2659 pulmone
688 2579 820 2657 rubetae,

89 2665 148 2729 Sed
167 2676 265 2730 tamen
284 2676 314 2727 et
335 2665 432 2744 ferro,
454 2666 480 2726 si
499 2662 700 2745 praegustabit
721 2662 840 2726 Atrides
1028 2675 1079 2733 666

88 2749 210 2814 Pontica
230 2759 276 2812 tor
297 2753 366 2813 victi
385 2761 485 2814 cantus
505 2750 694 2812 medicamina
710 2751 800 2829 ragis

436 3107 722 3125 m
