2592 4022
479 246 603 294 sautum
623 246 657 292 X.

90 385 383 466 11555555555555
406 386 453 446 diu
476 386 656 460 viventibus,
682 395 713 446 ut
735 397 874 448 renouata

92 476 219 552 Semper
245 470 330 534 clade
355 471 457 532 domus
482 470 578 530 multis
600 471 628 530 in
650 470 774 530 luctibus
797 472 884 549 imque

92 559 242 636 Perpetuo
267 573 400 616 maerore
422 565 452 616 et
473 556 554 632 nigra
576 561 660 614 veste
684 565 847 614 senescant.
1029 565 1081 622 245

92 641 164 702 Rex
186 640 300 716 Pylius,
328 656 432 716 amputo
457 641 481 699 si
508 639 663 717 quidquam
686 637 783 697 credis
805 637 942 716 Homero,

93 725 268 802 Exemplum
294 724 371 782 vitae
393 723 479 783 inita
503 724 622 782 cornice
646 721 802 782 secundae.

93 809 183 870 Felix
205 808 351 882 nimirum,
377 807 425 885 qui
446 815 490 866 tot
511 823 566 885 per
587 806 689 866 secula
716 815 837 865 mortem

94 891 215 954 Distulit
241 899 329 968 atque
354 906 423 950 auos
448 892 503 951 iarn
528 889 629 950 dextra
653 899 799 969 computat
820 907 922 968 amoos,

96 975 212 1055 Quique
234 991 339 1033 novum
361 974 448 1034 toties
470 984 591 1034 mustum
617 973 698 1033 bibit.
731 973 807 1050 Oro,
833 991 988 1055 parumper
1030 988 1083 1040 aab

95 1059 255 1134 Attendos,
279 1066 416 1137 quarinum
441 1059 478 1119 de
508 1057 622 1136 legibus
646 1060 710 1137 ipse
733 1068 869 1137 queratur
914 1123 917 1129 ,

94 1143 233 1204 Fatorum
256 1151 287 1204 et
311 1143 397 1204 nimio
419 1141 456 1202 dc
479 1143 615 1217 stamine,
637 1159 721 1220 quutn
741 1143 820 1203 videt
842 1146 917 1206 acris

95 1227 245 1287 Antilochi
267 1225 385 1289 barbam
409 1227 574 1303 ardentem,
602 1245 687 1305 qnurm
710 1229 822 1306 quaerit
843 1227 880 1287 ab
904 1232 980 1289 omni

96 1311 236 1391 Quisquis
274 1308 357 1370 adest
382 1312 495 1386 socius,
521 1329 572 1371 cnr
594 1311 668 1372 haec
690 1313 718 1370 in
738 1319 871 1389 tempora
896 1312 990 1391 duret,

96 1394 183 1468 Quod
206 1395 318 1454 iacimus
339 1394 455 1471 dignum
477 1405 533 1455 tam
556 1395 649 1473 longo¹
668 1395 815 1455 admiserit
837 1394 934 1456 acuo?
1032 1408 1084 1462 aab

95 1478 179 1539 llaec
205 1478 311 1538 cadent
332 1476 456 1554 Peleus,
480 1487 592 1556 raptum
617 1497 703 1557 quum
725 1480 806 1556 luget
831 1478 985 1558 Achillem,

96 1563 195 1641 Atque
220 1562 310 1636 alius,
341 1563 387 1622 cui
409 1562 453 1623 ias
477 1561 605 1622 Ithacum
628 1562 731 1639 lugere
753 1570 904 1624 natantem.

95 1645 239 1707 Incolumi
262 1644 348 1706 Troia
372 1644 500 1706 Priamus
522 1646 652 1706 venisset
677 1646 713 1706 ad
735 1646 851 1706 umbras

97 1730 237 1790 Assaraci
258 1730 370 1806 magnis
394 1728 598 1805 sollemnibus,
621 1728 749 1789 Plectore
774 1730 859 1790 lunus
1034 1803 1037 1810 Α

96 1814 234 1875 Portante
256 1831 292 1874 ac
313 1814 433 1892 reliquls
455 1813 573 1872 iratrnnr
600 1814 763 1874 cervicibus
784 1815 861 1874 inter
1032 1825 1086 1880 26⁰

96 1896 218 1959 Iliadum
243 1897 392 1973 lacrimas,
418 1906 449 1958 ut
471 1898 580 1975 primos
606 1897 696 1958 edere
718 1898 850 1976 planctus

99 1980 263 2042 Cassandra
286 1983 428 2060 inciperet
452 1983 603 2059 scissaque
627 1981 776 2057 Polyxena
801 1981 889 2061 palla,

99 2067 132 2126 Si
158 2065 234 2124 foret
257 2067 416 2128 exstinctus
442 2066 560 2125 diverso
584 2076 735 2144 tempore,
758 2084 816 2146 qno
839 2083 896 2125 non

99 2148 249 2227 Coeperat
270 2148 396 2211 audaces
418 2150 499 2211 Paris
520 2151 675 2210 aedihoare
700 2153 821 2211 carinas.

98 2233 198 2311 Longa
223 2233 286 2292 dies
311 2235 397 2310 igitur
419 2233 486 2312 qnid
509 2231 649 2294 contulit?
673 2237 765 2296 omnia
788 2233 859 2294 vidit
1034 2243 1086 2298 26⁵

98 2317 213 2378 Eversa
236 2325 265 2376 et
288 2316 407 2376 flammis
427 2312 526 2377 Asiam
552 2318 692 2394 ierroqne
715 2318 876 2378 cadentem.

99 2401 181 2462 Tunc
201 2399 286 2460 miles
310 2400 449 2460 tremulus
476 2402 571 2477 posita
595 2401 660 2460 tuttt
681 2417 759 2460 arma
787 2402 859 2461 tiara

99 2485 138 2548 ut
161 2486 216 2545 ruit
237 2492 302 2544 ante
325 2501 403 2546 aram
427 2484 528 2544 summi
551 2483 646 2561 louis,
670 2492 701 2544 ut
723 2483 838 2544 vetulus
861 2483 926 2560 hos,

100 2569 157 2641 Qui
182 2568 287 2629 domiui
312 2567 411 2630 cultris
432 2578 520 2628 tenne
548 2578 577 2628 et
598 2567 764 2629 miserabile
790 2567 897 2627 collum

97 2652 241 2727 Praebet,
269 2651 305 2713 ab
329 2653 442 2730 ingrato
464 2653 519 2713 ianr
544 2653 688 2714 fastiditus
713 2660 819 2713 aratro.
1034 2657 1089 2713 575

98 2736 204 2796 Exitus
226 2737 276 2798 ille
298 2747 454 2818 utcumque
476 2736 616 2813 hominis,
643 2736 696 2798 ssd
717 2744 800 2796 torua
823 2736 924 2796 canino

98 2821 227 2881 Latrauit
248 2822 337 2895 rictu,
362 2839 438 2900 quae
461 2823 624 2901 posthunc
645 2823 774 2896 vixerat,
797 2837 881 2880 uxor.

100 2903 221 2964 Festino
245 2904 281 2964 ad
301 2915 420 2966 nostros
439 2913 471 2966 'et
495 2925 596 2984 regem
618 2914 735 2965 transeo
758 2905 840 2966 Ponti

100 2987 138 3048 Et
162 2983 319 3060 Croesum,
343 3006 429 3066 quem
453 3007 512 3050 vox
533 2990 599 3049 insti
620 2989 742 3050 iacuuda
767 2989 885 3049 Solonis

100 3071 266 3148 Respicere
288 3069 323 3132 od
346 3071 453 3149 longae
473 3075 557 3150 iussit
578 3075 670 3151 spatia
693 3073 789 3133 ultima
812 3073 901 3132 ritae.
1035 3075 1088 3133 tie

99 3154 229 3216 Exilium
253 3163 283 3216 et
305 3170 408 3224 carcer
426 3155 689 3237 Minturnarumque
711 3156 834 3235 paludes

100 3237 140 3300 Et
162 3238 341 3300 mendicatus
362 3242 439 3302 victa
467 3238 642 3318 Carthagine
663 3242 745 3320 panis

100 3323 175 3383 llinc
197 3341 300 3384 causas
322 3323 460 3386 habuere.
494 3324 569 3396 Quid
590 3325 642 3385 illo
666 3327 731 3385 cive
754 3324 869 3384 tulisset

99 3405 210 3467 Natura
235 3406 263 3466 in
286 3409 388 3485 terris,
413 3410 481 3487 quid
504 3408 596 3469 Roma
615 3408 728 3468 beatius
750 3423 893 3484 umquam,

95 3491 133 3582 §i
159 3491 354 3553 circumducto
379 3493 558 3572 captivorum
579 3493 694 3570 agmine
717 3498 747 3550 et
771 3491 847 3550 orani
1039 3497 1093 3552 580
