<?xml version="1.0" encoding="UTF-8"?>
<!DOCTYPE html PUBLIC "-//W3C//DTD XHTML 1.0 Transitional//EN"
    "http://www.w3.org/TR/xhtml1/DTD/xhtml1-transitional.dtd">
<html xmlns="http://www.w3.org/1999/xhtml" xml:lang="en" lang="en">
 <head>
  <title>
</title>
<meta http-equiv="Content-Type" content="text/html;charset=utf-8" />
  <meta name='ocr-system' content='tesseract 3.04.00' />
  <meta name='ocr-capabilities' content='ocr_page ocr_carea ocr_par ocr_line ocrx_word'/>
</head>
<body>
  <div class='ocr_page' id='page_1' title='image "./diuniiiuvenalis00sulpgoog_0047.png"; bbox 0 0 2552 4028; ppageno 0'>
   <div class='ocr_carea' id='block_1_1' title="bbox 196 218 858 280">
    <p class='ocr_par' dir='ltr' id='par_1_1' title="bbox 196 218 858 280">
     <span class='ocr_line' id='line_1_1' title="bbox 196 218 858 280; baseline 0 0"><span class='ocrx_word' id='word_1_1' title='bbox 196 218 225 280; x_wconf 85' lang='lat'>8·</span> <span class='ocrx_word' id='word_1_2' title='bbox 521 231 556 279; x_wconf 87' lang='lat' dir='ltr'>n.</span> <span class='ocrx_word' id='word_1_3' title='bbox 577 231 648 278; x_wconf 85' lang='lat' dir='ltr'>ruu.</span> <span class='ocrx_word' id='word_1_4' title='bbox 671 229 858 280; x_wconf 72' lang='lat' dir='ltr'>rumuunrs</span> 
     </span>
    </p>
   </div>
   <div class='ocr_carea' id='block_1_2' title="bbox 192 367 1190 3555">
    <p class='ocr_par' dir='ltr' id='par_1_2' title="bbox 198 367 875 450">
     <span class='ocr_line' id='line_1_2' title="bbox 198 367 875 450; baseline -0.012 -14"><span class='ocrx_word' id='word_1_5' title='bbox 198 370 358 436; x_wconf 83' lang='lat' dir='ltr'>dlontanum</span> <span class='ocrx_word' id='word_1_6' title='bbox 377 367 479 449; x_wconf 79' lang='lat' dir='ltr'>positia</span> <span class='ocrx_word' id='word_1_7' title='bbox 501 369 614 430; x_wconf 83' lang='lat' dir='ltr'>audiret</span> <span class='ocrx_word' id='word_1_8' title='bbox 638 370 742 450; x_wconf 78' lang='lat' dir='ltr'>vulgus</span> <span class='ocrx_word' id='word_1_9' title='bbox 764 371 875 432; x_wconf 77' lang='lat' dir='ltr'><strong>aratris.</strong></span> 
     </span>
    </p>

    <p class='ocr_par' dir='ltr' id='par_1_3' title="bbox 197 453 995 533">
     <span class='ocr_line' id='line_1_3' title="bbox 197 453 995 533; baseline 0.003 -19"><span class='ocrx_word' id='word_1_10' title='bbox 197 455 271 530; x_wconf 84' lang='lat' dir='ltr'><strong>Quid</strong></span> <span class='ocrx_word' id='word_1_11' title='bbox 293 471 350 514; x_wconf 92' lang='lat' dir='ltr'>uon</span> <span class='ocrx_word' id='word_1_12' title='bbox 373 453 557 532; x_wconf 79' lang='lat' dir='ltr'>proclamet,</span> <span class='ocrx_word' id='word_1_13' title='bbox 580 455 608 513; x_wconf 89' lang='lat' dir='ltr'>iu</span> <span class='ocrx_word' id='word_1_14' title='bbox 629 465 757 533; x_wconf 84' lang='lat' dir='ltr'>corpore</span> <span class='ocrx_word' id='word_1_15' title='bbox 780 455 883 515; x_wconf 83' lang='lat' dir='ltr'>iudicia</span> <span class='ocrx_word' id='word_1_16' title='bbox 906 456 960 516; x_wconf 83' lang='lat' dir='ltr'>iata</span> <span class='ocrx_word' id='word_1_17' title='bbox 993 491 995 498; x_wconf 64' lang='lat'>‹</span> 
     </span>
    </p>

    <p class='ocr_par' dir='ltr' id='par_1_4' title="bbox 196 533 1001 617">
     <span class='ocr_line' id='line_1_4' title="bbox 196 533 1001 617; baseline 0 -17"><span class='ocrx_word' id='word_1_18' title='bbox 196 540 226 600; x_wconf 90' lang='lat' dir='ltr'>Si</span> <span class='ocrx_word' id='word_1_19' title='bbox 246 533 370 599; x_wconf 74' lang='lat' dir='ltr'>videas?</span> <span class='ocrx_word' id='word_1_20' title='bbox 392 553 501 617; x_wconf 82' lang='lat' dir='ltr'><strong>quaero</strong></span> <span class='ocrx_word' id='word_1_21' title='bbox 521 555 558 597; x_wconf 89' lang='lat' dir='ltr'>an</span> <span class='ocrx_word' id='word_1_22' title='bbox 581 538 705 598; x_wconf 78' lang='lat' dir='ltr'>deceant</span> <span class='ocrx_word' id='word_1_23' title='bbox 725 537 851 598; x_wconf 89' lang='lat' dir='ltr'>multicia</span> <span class='ocrx_word' id='word_1_24' title='bbox 874 535 1001 600; x_wconf 82' lang='lat' dir='ltr'>tentam?</span> 
     </span>
    </p>

    <p class='ocr_par' dir='ltr' id='par_1_5' title="bbox 195 619 1073 783">
     <span class='ocr_line' id='line_1_5' title="bbox 195 619 1073 701; baseline 0.001 -19"><span class='ocrx_word' id='word_1_25' title='bbox 195 622 275 682; x_wconf 82' lang='lat' dir='ltr'>Acer</span> <span class='ocrx_word' id='word_1_26' title='bbox 298 630 327 682; x_wconf 87' lang='lat' dir='ltr'>et</span> <span class='ocrx_word' id='word_1_27' title='bbox 348 619 502 682; x_wconf 79' lang='lat' dir='ltr'>indomitus</span> <span class='ocrx_word' id='word_1_28' title='bbox 524 621 726 701; x_wconf 76' lang='lat' dir='ltr'>libertatisque</span> <span class='ocrx_word' id='word_1_29' title='bbox 749 623 904 700; x_wconf 80' lang='lat' dir='ltr'>magister,</span> <span class='ocrx_word' id='word_1_30' title='bbox 1030 648 1033 671; x_wconf 87' lang='lat'><em>=</em></span> <span class='ocrx_word' id='word_1_31' title='bbox 1070 659 1073 666; x_wconf 80' lang='lat'><strong><em>‚</em></strong></span> 
     </span>
     <span class='ocr_line' id='line_1_6' title="bbox 196 702 982 783; baseline 0.001 -17"><span class='ocrx_word' id='word_1_32' title='bbox 196 702 331 782; x_wconf 78' lang='lat' dir='ltr'>cretico,</span> <span class='ocrx_word' id='word_1_33' title='bbox 350 705 502 782; x_wconf 74' lang='lat' dir='ltr'>perlucet!</span> <span class='ocrx_word' id='word_1_34' title='bbox 524 704 613 766; x_wconf 87' lang='lat' dir='ltr'>Dedit</span> <span class='ocrx_word' id='word_1_35' title='bbox 632 705 707 766; x_wconf 90' lang='lat' dir='ltr'>banc</span> <span class='ocrx_word' id='word_1_36' title='bbox 729 707 864 783; x_wconf 84' lang='lat' dir='ltr'>contagio</span> <span class='ocrx_word' id='word_1_37' title='bbox 886 707 982 767; x_wconf 88' lang='lat' dir='ltr'>labem</span> 
     </span>
    </p>

    <p class='ocr_par' dir='ltr' id='par_1_6' title="bbox 195 788 958 868">
     <span class='ocr_line' id='line_1_7' title="bbox 195 788 958 868; baseline 0 -18"><span class='ocrx_word' id='word_1_38' title='bbox 195 788 232 850; x_wconf 84' lang='lat' dir='ltr'>Et</span> <span class='ocrx_word' id='word_1_39' title='bbox 253 789 331 851; x_wconf 89' lang='lat' dir='ltr'>dabit</span> <span class='ocrx_word' id='word_1_40' title='bbox 351 790 380 849; x_wconf 93' lang='lat' dir='ltr'>in</span> <span class='ocrx_word' id='word_1_41' title='bbox 403 789 519 868; x_wconf 66' lang='lat' dir='ltr'>plurem</span> <span class='ocrx_word' id='word_1_42' title='bbox 546 790 620 850; x_wconf 79' lang='lat' dir='ltr'>sicut</span> <span class='ocrx_word' id='word_1_43' title='bbox 639 807 713 868; x_wconf 79' lang='lat' dir='ltr'>grex</span> <span class='ocrx_word' id='word_1_44' title='bbox 735 798 812 849; x_wconf 80' lang='lat' dir='ltr'>totus</span> <span class='ocrx_word' id='word_1_45' title='bbox 832 791 861 849; x_wconf 93' lang='lat' dir='ltr'>in</span> <span class='ocrx_word' id='word_1_46' title='bbox 879 791 958 868; x_wconf 75' lang='lat' dir='ltr'>agris</span> 
     </span>
    </p>

    <p class='ocr_par' dir='ltr' id='par_1_7' title="bbox 194 872 1025 1038">
     <span class='ocr_line' id='line_1_8' title="bbox 195 872 1025 953; baseline -0.002 -19"><span class='ocrx_word' id='word_1_47' title='bbox 195 872 284 934; x_wconf 77' lang='lat' dir='ltr'>Unius</span> <span class='ocrx_word' id='word_1_48' title='bbox 305 873 405 935; x_wconf 84' lang='lat' dir='ltr'>acabie</span> <span class='ocrx_word' id='word_1_49' title='bbox 429 873 505 934; x_wconf 87' lang='lat' dir='ltr'>cadit</span> <span class='ocrx_word' id='word_1_50' title='bbox 527 882 558 934; x_wconf 90' lang='lat' dir='ltr'>et</span> <span class='ocrx_word' id='word_1_51' title='bbox 579 875 728 952; x_wconf 79' lang='lat' dir='ltr'>porrigine</span> <span class='ocrx_word' id='word_1_52' title='bbox 750 875 849 953; x_wconf 89' lang='lat' dir='ltr'>porci,</span> <span class='ocrx_word' id='word_1_53' title='bbox 914 895 927 920; x_wconf 56' lang='grc' dir='ltr'><strong><em>π</em></strong></span> <span class='ocrx_word' id='word_1_54' title='bbox 1022 879 1025 886; x_wconf 93' lang='grc'><strong>’</strong></span> 
     </span>
     <span class='ocr_line' id='line_1_9' title="bbox 194 955 886 1038; baseline -0.006 -19"><span class='ocrx_word' id='word_1_55' title='bbox 194 955 316 1038; x_wconf 79' lang='lat' dir='ltr'>Unaque</span> <span class='ocrx_word' id='word_1_56' title='bbox 340 966 497 1037; x_wconf 83' lang='lat' dir='ltr'>conspecta</span> <span class='ocrx_word' id='word_1_57' title='bbox 520 958 642 1018; x_wconf 84' lang='lat' dir='ltr'>livorem</span> <span class='ocrx_word' id='word_1_58' title='bbox 664 958 742 1018; x_wconf 92' lang='lat' dir='ltr'>ducit</span> <span class='ocrx_word' id='word_1_59' title='bbox 763 958 800 1018; x_wconf 92' lang='lat' dir='ltr'>ab</span> <span class='ocrx_word' id='word_1_60' title='bbox 821 976 886 1025; x_wconf 78' lang='lat' dir='ltr'>uua.</span> 
     </span>
    </p>

    <p class='ocr_par' dir='ltr' id='par_1_8' title="bbox 194 1040 1015 1204">
     <span class='ocr_line' id='line_1_10' title="bbox 194 1040 1015 1121; baseline 0 -19"><span class='ocrx_word' id='word_1_61' title='bbox 194 1041 322 1104; x_wconf 79' lang='lat' dir='ltr'>Foedius</span> <span class='ocrx_word' id='word_1_62' title='bbox 344 1040 532 1120; x_wconf 84' lang='lat' dir='ltr'>bocaliquid</span> <span class='ocrx_word' id='word_1_63' title='bbox 554 1041 727 1121; x_wconf 79' lang='lat' dir='ltr'>quandoque</span> <span class='ocrx_word' id='word_1_64' title='bbox 751 1041 873 1102; x_wconf 81' lang='lat' dir='ltr'>audebis</span> <span class='ocrx_word' id='word_1_65' title='bbox 893 1041 1015 1102; x_wconf 90' lang='lat' dir='ltr'>amictu:</span> 
     </span>
     <span class='ocr_line' id='line_1_11' title="bbox 195 1123 945 1204; baseline -0.001 -18"><span class='ocrx_word' id='word_1_66' title='bbox 195 1125 288 1186; x_wconf 88' lang='lat' dir='ltr'>Nemo</span> <span class='ocrx_word' id='word_1_67' title='bbox 310 1133 433 1204; x_wconf 86' lang='lat' dir='ltr'>repente</span> <span class='ocrx_word' id='word_1_68' title='bbox 455 1123 508 1184; x_wconf 87' lang='lat' dir='ltr'>luit</span> <span class='ocrx_word' id='word_1_69' title='bbox 529 1125 727 1202; x_wconf 60' lang='lat' dir='ltr'>turpissimum</span> <span class='ocrx_word' id='word_1_70' title='bbox 750 1125 945 1202; x_wconf 80' lang='lat' dir='ltr'>accipientia</span> 
     </span>
    </p>

    <p class='ocr_par' dir='ltr' id='par_1_9' title="bbox 194 1207 958 1370">
     <span class='ocr_line' id='line_1_12' title="bbox 195 1207 958 1289; baseline -0.001 -20"><span class='ocrx_word' id='word_1_71' title='bbox 195 1209 348 1285; x_wconf 79' lang='lat' dir='ltr'>Paulatim,</span> <span class='ocrx_word' id='word_1_72' title='bbox 369 1209 417 1289; x_wconf 86' lang='lat' dir='ltr'>qui</span> <span class='ocrx_word' id='word_1_73' title='bbox 439 1207 527 1284; x_wconf 83' lang='lat' dir='ltr'>longa</span> <span class='ocrx_word' id='word_1_74' title='bbox 549 1207 625 1268; x_wconf 94' lang='lat' dir='ltr'>domi</span> <span class='ocrx_word' id='word_1_75' title='bbox 646 1208 813 1268; x_wconf 89' lang='lat' dir='ltr'>redimicula</span> <span class='ocrx_word' id='word_1_76' title='bbox 836 1217 958 1269; x_wconf 62' lang='lat' dir='ltr'>sumunt⁴</span> 
     </span>
     <span class='ocr_line' id='line_1_13' title="bbox 194 1291 894 1370; baseline 0.001 -18"><span class='ocrx_word' id='word_1_77' title='bbox 194 1291 349 1353; x_wconf 78' lang='lat' dir='ltr'>Frontibus</span> <span class='ocrx_word' id='word_1_78' title='bbox 371 1300 400 1351; x_wconf 90' lang='lat' dir='ltr'>et</span> <span class='ocrx_word' id='word_1_79' title='bbox 422 1294 484 1350; x_wconf 81' lang='lat' dir='ltr'>toto</span> <span class='ocrx_word' id='word_1_80' title='bbox 510 1307 638 1370; x_wconf 80' lang='lat' dir='ltr'>posuere</span> <span class='ocrx_word' id='word_1_81' title='bbox 659 1292 774 1352; x_wconf 91' lang='lat' dir='ltr'>monilia</span> <span class='ocrx_word' id='word_1_82' title='bbox 798 1292 894 1369; x_wconf 89' lang='lat' dir='ltr'>collo,</span> 
     </span>
    </p>

    <p class='ocr_par' dir='ltr' id='par_1_10' title="bbox 194 1375 1009 1456">
     <span class='ocr_line' id='line_1_14' title="bbox 194 1375 1009 1456; baseline 0.004 -21"><span class='ocrx_word' id='word_1_83' title='bbox 194 1375 292 1456; x_wconf 79' lang='lat' dir='ltr'>Atque</span> <span class='ocrx_word' id='word_1_84' title='bbox 312 1375 419 1436; x_wconf 82' lang='lat' dir='ltr'>bonam</span> <span class='ocrx_word' id='word_1_85' title='bbox 440 1383 561 1435; x_wconf 89' lang='lat' dir='ltr'>tenerae</span> <span class='ocrx_word' id='word_1_86' title='bbox 585 1375 701 1454; x_wconf 88' lang='lat' dir='ltr'>placant</span> <span class='ocrx_word' id='word_1_87' title='bbox 723 1375 878 1436; x_wconf 88' lang='lat' dir='ltr'>abdomine</span> <span class='ocrx_word' id='word_1_88' title='bbox 899 1393 1009 1456; x_wconf 90' lang='lat' dir='ltr'>porcae</span> 
     </span>
    </p>

    <p class='ocr_par' dir='ltr' id='par_1_11' title="bbox 194 1457 947 1538">
     <span class='ocr_line' id='line_1_15' title="bbox 194 1457 947 1538; baseline 0.003 -18"><span class='ocrx_word' id='word_1_89' title='bbox 194 1457 232 1520; x_wconf 82' lang='lat' dir='ltr'>Et</span> <span class='ocrx_word' id='word_1_90' title='bbox 252 1477 356 1538; x_wconf 77' lang='lat' dir='ltr'>magno</span> <span class='ocrx_word' id='word_1_91' title='bbox 380 1468 496 1520; x_wconf 92' lang='lat' dir='ltr'>cratere</span> <span class='ocrx_word' id='word_1_92' title='bbox 517 1458 625 1529; x_wconf 80' lang='lat' dir='ltr'>lleam;</span> <span class='ocrx_word' id='word_1_93' title='bbox 654 1461 706 1521; x_wconf 85' lang='lat' dir='ltr'>sed</span> <span class='ocrx_word' id='word_1_94' title='bbox 727 1476 809 1520; x_wconf 85' lang='lat' dir='ltr'>more</span> <span class='ocrx_word' id='word_1_95' title='bbox 832 1461 947 1522; x_wconf 81' lang='lat' dir='ltr'>sinistro</span> 
     </span>
    </p>

    <p class='ocr_par' dir='ltr' id='par_1_12' title="bbox 195 1543 908 1623">
     <span class='ocr_line' id='line_1_16' title="bbox 195 1543 908 1623; baseline 0 -19"><span class='ocrx_word' id='word_1_96' title='bbox 195 1543 348 1622; x_wconf 79' lang='lat' dir='ltr'>Exagitata</span> <span class='ocrx_word' id='word_1_97' title='bbox 370 1543 474 1623; x_wconf 93' lang='lat' dir='ltr'>procul</span> <span class='ocrx_word' id='word_1_98' title='bbox 492 1561 550 1604; x_wconf 92' lang='lat' dir='ltr'>non</span> <span class='ocrx_word' id='word_1_99' title='bbox 572 1545 657 1604; x_wconf 91' lang='lat' dir='ltr'>intrat</span> <span class='ocrx_word' id='word_1_100' title='bbox 678 1544 784 1605; x_wconf 81' lang='lat' dir='ltr'>femina</span> <span class='ocrx_word' id='word_1_101' title='bbox 806 1545 908 1614; x_wconf 74' lang='lat' dir='ltr'>limem</span> 
     </span>
    </p>

    <p class='ocr_par' dir='ltr' id='par_1_13' title="bbox 195 1629 950 1792">
     <span class='ocr_line' id='line_1_17' title="bbox 195 1629 950 1710; baseline 0.003 -21"><span class='ocrx_word' id='word_1_102' title='bbox 195 1629 273 1689; x_wconf 81' lang='lat' dir='ltr'>Solio</span> <span class='ocrx_word' id='word_1_103' title='bbox 295 1646 345 1689; x_wconf 90' lang='lat' dir='ltr'>ara</span> <span class='ocrx_word' id='word_1_104' title='bbox 366 1629 440 1690; x_wconf 87' lang='lat' dir='ltr'>deae</span> <span class='ocrx_word' id='word_1_105' title='bbox 460 1629 587 1689; x_wconf 86' lang='lat' dir='ltr'>maribus</span> <span class='ocrx_word' id='word_1_106' title='bbox 607 1639 697 1708; x_wconf 90' lang='lat' dir='ltr'>patet.</span> <span class='ocrx_word' id='word_1_107' title='bbox 729 1629 773 1690; x_wconf 88' lang='lat' dir='ltr'>lte</span> <span class='ocrx_word' id='word_1_108' title='bbox 794 1629 950 1710; x_wconf 75' lang='lat' dir='ltr'>profanae!</span> 
     </span>
     <span class='ocr_line' id='line_1_18' title="bbox 195 1710 898 1792; baseline -0.003 -18"><span class='ocrx_word' id='word_1_109' title='bbox 195 1710 356 1782; x_wconf 72' lang='lat' dir='ltr'>Glamatnm</span> <span class='ocrx_word' id='word_1_110' title='bbox 377 1713 459 1774; x_wconf 91' lang='lat' dir='ltr'>nullo</span> <span class='ocrx_word' id='word_1_111' title='bbox 480 1714 570 1792; x_wconf 77' lang='lat' dir='ltr'>gemit</span> <span class='ocrx_word' id='word_1_112' title='bbox 591 1713 638 1774; x_wconf 88' lang='lat' dir='ltr'>bic</span> <span class='ocrx_word' id='word_1_113' title='bbox 658 1714 775 1775; x_wconf 76' lang='lat' dir='ltr'>tibicina</span> <span class='ocrx_word' id='word_1_114' title='bbox 799 1732 898 1775; x_wconf 91' lang='lat' dir='ltr'>cornu.</span> 
     </span>
    </p>

    <p class='ocr_par' dir='ltr' id='par_1_14' title="bbox 194 1795 800 1876">
     <span class='ocr_line' id='line_1_19' title="bbox 194 1795 800 1876; baseline 0 -18"><span class='ocrx_word' id='word_1_115' title='bbox 194 1795 275 1858; x_wconf 84' lang='lat' dir='ltr'>Talia</span> <span class='ocrx_word' id='word_1_116' title='bbox 298 1805 414 1858; x_wconf 79' lang='lat' dir='ltr'>secreta</span> <span class='ocrx_word' id='word_1_117' title='bbox 437 1797 588 1858; x_wconf 90' lang='lat' dir='ltr'>coluerunt</span> <span class='ocrx_word' id='word_1_118' title='bbox 610 1799 692 1876; x_wconf 74' lang='lat' dir='ltr'>orgia</span> <span class='ocrx_word' id='word_1_119' title='bbox 715 1799 800 1859; x_wconf 88' lang='lat' dir='ltr'>taeda</span> 
     </span>
    </p>

    <p class='ocr_par' dir='ltr' id='par_1_15' title="bbox 196 1878 888 1959">
     <span class='ocr_line' id='line_1_20' title="bbox 196 1878 888 1959; baseline 0 -19"><span class='ocrx_word' id='word_1_120' title='bbox 196 1878 371 1959; x_wconf 79' lang='lat' dir='ltr'>Cecropiam</span> <span class='ocrx_word' id='word_1_121' title='bbox 389 1880 468 1940; x_wconf 79' lang='lat' dir='ltr'>soliti</span> <span class='ocrx_word' id='word_1_122' title='bbox 489 1880 599 1959; x_wconf 88' lang='lat' dir='ltr'>Baptae</span> <span class='ocrx_word' id='word_1_123' title='bbox 625 1881 735 1942; x_wconf 81' lang='lat' dir='ltr'>lassare</span> <span class='ocrx_word' id='word_1_124' title='bbox 760 1879 888 1958; x_wconf 76' lang='lat' dir='ltr'>Cotytto.</span> 
     </span>
    </p>

    <p class='ocr_par' dir='ltr' id='par_1_16' title="bbox 193 1963 863 2043">
     <span class='ocr_line' id='line_1_21' title="bbox 193 1963 863 2043; baseline 0 -18"><span class='ocrx_word' id='word_1_125' title='bbox 193 1963 247 2026; x_wconf 91' lang='lat' dir='ltr'>Ille</span> <span class='ocrx_word' id='word_1_126' title='bbox 270 1964 455 2043; x_wconf 79' lang='lat' dir='ltr'>supercilium</span> <span class='ocrx_word' id='word_1_127' title='bbox 477 1963 590 2023; x_wconf 92' lang='lat' dir='ltr'>madida</span> <span class='ocrx_word' id='word_1_128' title='bbox 612 1963 733 2042; x_wconf 76' lang='lat' dir='ltr'>iuligine</span> <span class='ocrx_word' id='word_1_129' title='bbox 757 1974 863 2025; x_wconf 87' lang='lat' dir='ltr'>tactum</span> 
     </span>
    </p>

    <p class='ocr_par' dir='ltr' id='par_1_17' title="bbox 194 2047 903 2128">
     <span class='ocr_line' id='line_1_22' title="bbox 194 2047 903 2128; baseline 0.001 -20"><span class='ocrx_word' id='word_1_130' title='bbox 194 2047 318 2128; x_wconf 86' lang='lat' dir='ltr'>Obliqna</span> <span class='ocrx_word' id='word_1_131' title='bbox 341 2047 476 2127; x_wconf 90' lang='lat' dir='ltr'>producit</span> <span class='ocrx_word' id='word_1_132' title='bbox 497 2065 551 2107; x_wconf 90' lang='lat' dir='ltr'>acu</span> <span class='ocrx_word' id='word_1_133' title='bbox 573 2047 722 2128; x_wconf 77' lang='lat' dir='ltr'>pingitque</span> <span class='ocrx_word' id='word_1_134' title='bbox 744 2057 903 2109; x_wconf 84' lang='lat' dir='ltr'>trementes</span> 
     </span>
    </p>

    <p class='ocr_par' dir='ltr' id='par_1_18' title="bbox 194 2131 1013 2380">
     <span class='ocr_line' id='line_1_23' title="bbox 195 2131 1013 2212; baseline -0.002 -18"><span class='ocrx_word' id='word_1_135' title='bbox 195 2131 344 2194; x_wconf 78' lang='lat' dir='ltr'>Attollens</span> <span class='ocrx_word' id='word_1_136' title='bbox 360 2131 478 2192; x_wconf 82' lang='lat' dir='ltr'>oculos:</span> <span class='ocrx_word' id='word_1_137' title='bbox 500 2131 594 2190; x_wconf 83' lang='lat' dir='ltr'>vitreo</span> <span class='ocrx_word' id='word_1_138' title='bbox 613 2131 685 2192; x_wconf 87' lang='lat' dir='ltr'>bibit</span> <span class='ocrx_word' id='word_1_139' title='bbox 702 2133 752 2193; x_wconf 91' lang='lat' dir='ltr'>ille</span> <span class='ocrx_word' id='word_1_140' title='bbox 776 2135 897 2212; x_wconf 87' lang='lat' dir='ltr'>priapo,</span> <span class='ocrx_word' id='word_1_141' title='bbox 981 2142 983 2150; x_wconf 89' lang='grc'><strong>’</strong></span> <span class='ocrx_word' id='word_1_142' title='bbox 1010 2158 1013 2166; x_wconf 92' lang='grc'><strong><em>·</em></strong></span> 
     </span>
     <span class='ocr_line' id='line_1_24' title="bbox 194 2215 1002 2298; baseline 0.004 -22"><span class='ocrx_word' id='word_1_143' title='bbox 194 2215 417 2296; x_wconf 82' lang='lat' dir='ltr'>Reticulumque</span> <span class='ocrx_word' id='word_1_144' title='bbox 438 2216 529 2275; x_wconf 82' lang='lat' dir='ltr'>comis</span> <span class='ocrx_word' id='word_1_145' title='bbox 551 2223 679 2275; x_wconf 86' lang='lat' dir='ltr'>auratum</span> <span class='ocrx_word' id='word_1_146' title='bbox 697 2217 862 2296; x_wconf 77' lang='lat' dir='ltr'>ingentibus</span> <span class='ocrx_word' id='word_1_147' title='bbox 885 2217 1002 2298; x_wconf 87' lang='lat' dir='ltr'>implet,</span> 
     </span>
     <span class='ocr_line' id='line_1_25' title="bbox 194 2297 946 2380; baseline 0.007 -21"><span class='ocrx_word' id='word_1_148' title='bbox 194 2297 339 2360; x_wconf 81' lang='lat' dir='ltr'>Gaernlea</span> <span class='ocrx_word' id='word_1_149' title='bbox 361 2299 475 2361; x_wconf 84' lang='lat' dir='ltr'>indutus</span> <span class='ocrx_word' id='word_1_150' title='bbox 497 2299 638 2360; x_wconf 83' lang='lat' dir='ltr'>scutulata</span> <span class='ocrx_word' id='word_1_151' title='bbox 656 2309 704 2361; x_wconf 91' lang='lat' dir='ltr'>aut</span> <span class='ocrx_word' id='word_1_152' title='bbox 726 2301 842 2380; x_wconf 76' lang='lat' dir='ltr'>galbina</span> <span class='ocrx_word' id='word_1_153' title='bbox 864 2307 946 2379; x_wconf 83' lang='lat' dir='ltr'>rana,</span> 
     </span>
    </p>

    <p class='ocr_par' dir='ltr' id='par_1_19' title="bbox 192 2381 885 2463">
     <span class='ocr_line' id='line_1_26' title="bbox 192 2381 885 2463; baseline 0.004 -19"><span class='ocrx_word' id='word_1_154' title='bbox 192 2381 230 2445; x_wconf 80' lang='lat' dir='ltr'>itt</span> <span class='ocrx_word' id='word_1_155' title='bbox 253 2401 308 2463; x_wconf 95' lang='lat' dir='ltr'>per</span> <span class='ocrx_word' id='word_1_156' title='bbox 328 2382 465 2444; x_wconf 91' lang='lat' dir='ltr'>lunonem</span> <span class='ocrx_word' id='word_1_157' title='bbox 487 2383 598 2444; x_wconf 91' lang='lat' dir='ltr'>domini</span> <span class='ocrx_word' id='word_1_158' title='bbox 615 2384 726 2446; x_wconf 90' lang='lat' dir='ltr'>iurante</span> <span class='ocrx_word' id='word_1_159' title='bbox 746 2387 885 2448; x_wconf 81' lang='lat' dir='ltr'>ministro.</span> 
     </span>
    </p>

    <p class='ocr_par' dir='ltr' id='par_1_20' title="bbox 192 2467 1190 2715">
     <span class='ocr_line' id='line_1_27' title="bbox 192 2467 1004 2550; baseline 0.009 -21"><span class='ocrx_word' id='word_1_160' title='bbox 192 2467 247 2529; x_wconf 92' lang='lat' dir='ltr'>Ille</span> <span class='ocrx_word' id='word_1_161' title='bbox 268 2476 348 2530; x_wconf 87' lang='lat' dir='ltr'>tenet</span> <span class='ocrx_word' id='word_1_162' title='bbox 370 2469 539 2550; x_wconf 84' lang='lat' dir='ltr'>speculum,</span> <span class='ocrx_word' id='word_1_163' title='bbox 563 2469 671 2548; x_wconf 84' lang='lat' dir='ltr'>pathici</span> <span class='ocrx_word' id='word_1_164' title='bbox 693 2481 845 2548; x_wconf 82' lang='lat' dir='ltr'>gestamen</span> <span class='ocrx_word' id='word_1_165' title='bbox 867 2470 1004 2545; x_wconf 69' lang='lat' dir='ltr'>Othonis,</span> 
     </span>
     <span class='ocr_line' id='line_1_28' title="bbox 196 2551 1190 2635; baseline 0.004 -23"><span class='ocrx_word' id='word_1_166' title='bbox 196 2551 312 2613; x_wconf 76' lang='lat' dir='ltr'>Actoris</span> <span class='ocrx_word' id='word_1_167' title='bbox 335 2552 463 2615; x_wconf 68' lang='lat' dir='ltr'>Aurunci</span> <span class='ocrx_word' id='word_1_168' title='bbox 484 2553 626 2633; x_wconf 79' lang='lat' dir='ltr'>spolium,</span> <span class='ocrx_word' id='word_1_169' title='bbox 650 2571 708 2635; x_wconf 86' lang='lat' dir='ltr'>quo</span> <span class='ocrx_word' id='word_1_170' title='bbox 732 2574 765 2613; x_wconf 86' lang='lat' dir='ltr'>se</span> <span class='ocrx_word' id='word_1_171' title='bbox 786 2555 838 2613; x_wconf 82' lang='lat' dir='ltr'>ille</span> <span class='ocrx_word' id='word_1_172' title='bbox 855 2553 973 2612; x_wconf 87' lang='lat' dir='ltr'>videbat</span> <span class='ocrx_word' id='word_1_173' title='bbox 1132 2565 1190 2617; x_wconf 88' lang='lat'>100</span> 
     </span>
     <span class='ocr_line' id='line_1_29' title="bbox 192 2635 897 2715; baseline -0.003 -20"><span class='ocrx_word' id='word_1_174' title='bbox 192 2635 355 2712; x_wconf 80' lang='lat' dir='ltr'>Armatum,</span> <span class='ocrx_word' id='word_1_175' title='bbox 379 2655 464 2715; x_wconf 81' lang='lat' dir='ltr'>quum</span> <span class='ocrx_word' id='word_1_176' title='bbox 485 2639 540 2696; x_wconf 88' lang='lat' dir='ltr'>iam</span> <span class='ocrx_word' id='word_1_177' title='bbox 558 2637 623 2697; x_wconf 87' lang='lat' dir='ltr'>tolli</span> <span class='ocrx_word' id='word_1_178' title='bbox 643 2636 752 2696; x_wconf 83' lang='lat' dir='ltr'>vexilla</span> <span class='ocrx_word' id='word_1_179' title='bbox 774 2635 897 2694; x_wconf 88' lang='lat' dir='ltr'>iuberet.</span> 
     </span>
    </p>

    <p class='ocr_par' dir='ltr' id='par_1_21' title="bbox 192 2717 1184 3133">
     <span class='ocr_line' id='line_1_30' title="bbox 193 2717 980 2795; baseline -0.003 -16"><span class='ocrx_word' id='word_1_180' title='bbox 193 2717 253 2779; x_wconf 78' lang='lat' dir='ltr'>lies</span> <span class='ocrx_word' id='word_1_181' title='bbox 274 2721 458 2780; x_wconf 90' lang='lat' dir='ltr'>memoranda</span> <span class='ocrx_word' id='word_1_182' title='bbox 482 2719 565 2777; x_wconf 84' lang='lat' dir='ltr'>nouis</span> <span class='ocrx_word' id='word_1_183' title='bbox 587 2717 737 2778; x_wconf 75' lang='lat' dir='ltr'>annalibus</span> <span class='ocrx_word' id='word_1_184' title='bbox 759 2727 845 2795; x_wconf 88' lang='lat' dir='ltr'>atque</span> <span class='ocrx_word' id='word_1_185' title='bbox 868 2718 980 2777; x_wconf 87' lang='lat' dir='ltr'>recenti</span> 
     </span>
     <span class='ocr_line' id='line_1_31' title="bbox 192 2800 982 2881; baseline 0 -19"><span class='ocrx_word' id='word_1_186' title='bbox 192 2801 334 2879; x_wconf 77' lang='lat' dir='ltr'>Historia,</span> <span class='ocrx_word' id='word_1_187' title='bbox 358 2802 508 2881; x_wconf 77' lang='lat' dir='ltr'>speculum</span> <span class='ocrx_word' id='word_1_188' title='bbox 530 2801 624 2860; x_wconf 75' lang='lat' dir='ltr'>ciuilio</span> <span class='ocrx_word' id='word_1_189' title='bbox 647 2800 760 2862; x_wconf 83' lang='lat' dir='ltr'>sarcina</span> <span class='ocrx_word' id='word_1_190' title='bbox 783 2800 869 2862; x_wconf 90' lang='lat' dir='ltr'>belli!</span> <span class='ocrx_word' id='word_1_191' title='bbox 979 2871 982 2876; x_wconf 26' lang='lat'><strong>¹</strong></span> 
     </span>
     <span class='ocr_line' id='line_1_32' title="bbox 192 2883 1079 2946; baseline 0 0"><span class='ocrx_word' id='word_1_192' title='bbox 192 2884 329 2946; x_wconf 85' lang='lat' dir='ltr'>Nimimm</span> <span class='ocrx_word' id='word_1_193' title='bbox 352 2887 452 2946; x_wconf 82' lang='lat' dir='ltr'>summi</span> <span class='ocrx_word' id='word_1_194' title='bbox 469 2884 552 2944; x_wconf 80' lang='lat' dir='ltr'>ducis</span> <span class='ocrx_word' id='word_1_195' title='bbox 575 2893 621 2944; x_wconf 84' lang='lat' dir='ltr'>eat</span> <span class='ocrx_word' id='word_1_196' title='bbox 642 2884 780 2946; x_wconf 88' lang='lat' dir='ltr'>occidere</span> <span class='ocrx_word' id='word_1_197' title='bbox 804 2883 923 2946; x_wconf 81' lang='lat' dir='ltr'>Galbam</span> <span class='ocrx_word' id='word_1_198' title='bbox 1076 2916 1079 2926; x_wconf 88' lang='lat'><em>·</em></span> 
     </span>
     <span class='ocr_line' id='line_1_33' title="bbox 192 2968 1184 3047; baseline -0.002 -17"><span class='ocrx_word' id='word_1_199' title='bbox 192 2969 229 3030; x_wconf 84' lang='lat' dir='ltr'>Et</span> <span class='ocrx_word' id='word_1_200' title='bbox 249 2988 350 3032; x_wconf 92' lang='lat' dir='ltr'>curare</span> <span class='ocrx_word' id='word_1_201' title='bbox 374 2977 483 3034; x_wconf 84' lang='lat' dir='ltr'>cutem:</span> <span class='ocrx_word' id='word_1_202' title='bbox 504 2968 604 3027; x_wconf 84' lang='lat' dir='ltr'>summi</span> <span class='ocrx_word' id='word_1_203' title='bbox 626 2970 785 3030; x_wconf 85' lang='lat' dir='ltr'>constantia</span> <span class='ocrx_word' id='word_1_204' title='bbox 810 2969 898 3047; x_wconf 82' lang='lat' dir='ltr'>civia,</span> <span class='ocrx_word' id='word_1_205' title='bbox 1132 2977 1184 3036; x_wconf 78' lang='lat'><strong>10‘5</strong></span> 
     </span>
     <span class='ocr_line' id='line_1_34' title="bbox 192 3051 873 3133; baseline 0 -19"><span class='ocrx_word' id='word_1_206' title='bbox 192 3053 326 3114; x_wconf 83' lang='lat' dir='ltr'>bebriaci</span> <span class='ocrx_word' id='word_1_207' title='bbox 349 3071 452 3133; x_wconf 93' lang='lat' dir='ltr'>campo</span> <span class='ocrx_word' id='word_1_208' title='bbox 474 3051 598 3131; x_wconf 83' lang='lat' dir='ltr'>spolium</span> <span class='ocrx_word' id='word_1_209' title='bbox 620 3053 759 3114; x_wconf 79' lang='lat' dir='ltr'>affectare</span> <span class='ocrx_word' id='word_1_210' title='bbox 782 3052 873 3114; x_wconf 89' lang='lat' dir='ltr'>Palati</span> 
     </span>
    </p>

    <p class='ocr_par' dir='ltr' id='par_1_22' title="bbox 192 3135 1125 3385">
     <span class='ocr_line' id='line_1_35' title="bbox 192 3135 1125 3217; baseline -0.001 -18"><span class='ocrx_word' id='word_1_211' title='bbox 192 3136 230 3198; x_wconf 83' lang='lat' dir='ltr'>Et</span> <span class='ocrx_word' id='word_1_212' title='bbox 251 3155 383 3217; x_wconf 82' lang='lat' dir='ltr'>prensum</span> <span class='ocrx_word' id='word_1_213' title='bbox 406 3135 560 3196; x_wconf 82' lang='lat' dir='ltr'>infaciem</span> <span class='ocrx_word' id='word_1_214' title='bbox 584 3135 679 3216; x_wconf 78' lang='lat' dir='ltr'>digitis</span> <span class='ocrx_word' id='word_1_215' title='bbox 702 3137 863 3198; x_wconf 87' lang='lat' dir='ltr'>extendere</span> <span class='ocrx_word' id='word_1_216' title='bbox 886 3155 1004 3216; x_wconf 90' lang='lat' dir='ltr'>panem:</span> <span class='ocrx_word' id='word_1_217' title='bbox 1121 3150 1125 3156; x_wconf 87' lang='grc'><strong><em>·</em></strong></span> 
     </span>
     <span class='ocr_line' id='line_1_36' title="bbox 194 3219 1029 3300; baseline -0.001 -18"><span class='ocrx_word' id='word_1_218' title='bbox 194 3220 280 3296; x_wconf 82' lang='lat' dir='ltr'>Quod</span> <span class='ocrx_word' id='word_1_219' title='bbox 303 3240 360 3283; x_wconf 88' lang='lat' dir='ltr'>nec</span> <span class='ocrx_word' id='word_1_220' title='bbox 380 3223 408 3281; x_wconf 94' lang='lat' dir='ltr'>in</span> <span class='ocrx_word' id='word_1_221' title='bbox 422 3220 545 3296; x_wconf 67' lang='lat' dir='ltr'>Assyrio</span> <span class='ocrx_word' id='word_1_222' title='bbox 569 3219 734 3300; x_wconf 88' lang='lat' dir='ltr'>pharetrata</span> <span class='ocrx_word' id='word_1_223' title='bbox 756 3221 923 3283; x_wconf 81' lang='lat' dir='ltr'>Semiramio</span> <span class='ocrx_word' id='word_1_224' title='bbox 946 3220 1029 3299; x_wconf 88' lang='lat' dir='ltr'>orbo,</span> 
     </span>
     <span class='ocr_line' id='line_1_37' title="bbox 192 3301 928 3385; baseline -0.003 -20"><span class='ocrx_word' id='word_1_225' title='bbox 192 3304 306 3367; x_wconf 83' lang='lat' dir='ltr'>blaesta</span> <span class='ocrx_word' id='word_1_226' title='bbox 328 3323 384 3366; x_wconf 89' lang='lat' dir='ltr'>nec</span> <span class='ocrx_word' id='word_1_227' title='bbox 405 3303 526 3366; x_wconf 78' lang='lat' dir='ltr'>Actiaca</span> <span class='ocrx_word' id='word_1_228' title='bbox 550 3305 620 3366; x_wconf 87' lang='lat' dir='ltr'>lecit</span> <span class='ocrx_word' id='word_1_229' title='bbox 643 3301 801 3385; x_wconf 76' lang='lat' dir='ltr'>Cleopatra</span> <span class='ocrx_word' id='word_1_230' title='bbox 821 3306 928 3367; x_wconf 89' lang='lat' dir='ltr'>carina.</span> 
     </span>
    </p>

    <p class='ocr_par' dir='ltr' id='par_1_23' title="bbox 193 3389 1182 3555">
     <span class='ocr_line' id='line_1_38' title="bbox 193 3389 1182 3469; baseline 0.004 -19"><span class='ocrx_word' id='word_1_231' title='bbox 193 3389 247 3452; x_wconf 91' lang='lat' dir='ltr'>llic</span> <span class='ocrx_word' id='word_1_232' title='bbox 268 3390 363 3450; x_wconf 86' lang='lat' dir='ltr'>nullus</span> <span class='ocrx_word' id='word_1_233' title='bbox 384 3389 483 3451; x_wconf 84' lang='lat' dir='ltr'>verbis</span> <span class='ocrx_word' id='word_1_234' title='bbox 507 3390 602 3469; x_wconf 93' lang='lat' dir='ltr'>pudor</span> <span class='ocrx_word' id='word_1_235' title='bbox 620 3399 669 3451; x_wconf 92' lang='lat' dir='ltr'>ant</span> <span class='ocrx_word' id='word_1_236' title='bbox 687 3391 852 3450; x_wconf 86' lang='lat' dir='ltr'>reuerentia</span> <span class='ocrx_word' id='word_1_237' title='bbox 874 3407 1010 3464; x_wconf 81' lang='lat' dir='ltr'>mensae3</span> <span class='ocrx_word' id='word_1_238' title='bbox 1131 3400 1182 3454; x_wconf 80' lang='lat'>11⁰</span> 
     </span>
     <span class='ocr_line' id='line_1_39' title="bbox 194 3472 937 3555; baseline 0 -22"><span class='ocrx_word' id='word_1_239' title='bbox 194 3472 247 3534; x_wconf 87' lang='lat' dir='ltr'>llic</span> <span class='ocrx_word' id='word_1_240' title='bbox 270 3477 362 3554; x_wconf 84' lang='lat' dir='ltr'>turpis</span> <span class='ocrx_word' id='word_1_241' title='bbox 384 3472 512 3551; x_wconf 76' lang='lat' dir='ltr'>Cybelen</span> <span class='ocrx_word' id='word_1_242' title='bbox 536 3483 565 3535; x_wconf 88' lang='lat' dir='ltr'>et</span> <span class='ocrx_word' id='word_1_243' title='bbox 586 3475 678 3536; x_wconf 90' lang='lat' dir='ltr'>iracta</span> <span class='ocrx_word' id='word_1_244' title='bbox 701 3492 776 3536; x_wconf 82' lang='lat' dir='ltr'>voce</span> <span class='ocrx_word' id='word_1_245' title='bbox 799 3475 937 3555; x_wconf 85' lang='lat' dir='ltr'>loquendi</span> 
     </span>
    </p>
   </div>
   <div class='ocr_carea' id='block_1_3' title="bbox 0 0 1280 4028">
    <p class='ocr_par' dir='ltr' id='par_1_24' title="bbox 0 0 1280 4028">
     <span class='ocr_line' id='line_1_40' title="bbox 0 0 1280 4028; baseline 0 1"><span class='ocrx_word' id='word_1_246' title='bbox 0 0 1280 4028; x_wconf 95' lang='lat' dir='ltr'> </span> 
     </span>
    </p>
   </div>
  </div>
 </body>
</html>
