2552 4028
560 271 607 353 n.
632 305 703 353 run.
726 305 912 354 muratus

506 645 547 740 b.
574 643 683 738 llllll
707 641 932 736 llilllllllli

624 797 804 874 noturus

323 923 1042 1046 'stultitttttt

560 1157 662 1222 LIBER
689 1153 867 1220 SECUNDUS.

633 1327 799 1338 ...ι-...-

538 1455 895 1524 SATIRAVI.

219 1568 321 1662 Credo
344 1596 513 1662 Pudicitiam
536 1603 658 1665 Saturno
682 1621 755 1682 rege
777 1607 917 1661 moratam

223 1683 254 1745 ln
277 1685 364 1744 terris
385 1686 536 1766 visamque
559 1688 623 1765 diu,
648 1706 734 1768 quum
757 1685 861 1765 irigida
883 1696 989 1762 parvas

222 1767 385 1830 Praeberet
406 1770 545 1849 spelunca
569 1772 671 1833 domos
693 1773 848 1851 ignemque
869 1767 1018 1841 laremque

222 1851 260 1913 Et
282 1869 375 1932 pecus
397 1862 427 1913 et
449 1854 580 1916 dominos
604 1857 745 1917 communi
768 1852 919 1916 clauderet
940 1846 1053 1916 umbra;

223 1935 394 1997 silvestrem
415 1947 549 1998 montana
569 1947 661 2000 torum
682 1957 767 2018 quum
789 1942 935 1997 sterneret
957 1947 1031 1990 uxor
1202 1943 1217 1994 t

222 2017 386 2080 Fraudibus
412 2030 442 2081 et
464 2021 558 2082 culmo
578 2023 794 2102 vicinarumque
817 2020 943 2082 ferarum

221 2103 369 2180 Pellibus,
393 2103 468 2165 haud
489 2105 588 2165 similis
612 2106 681 2182 tibi,
704 2102 842 2181 Cynthia,
863 2120 919 2163 neo
939 2099 1008 2175 tibi,
1032 2099 1113 2159 cuius

223 2185 362 2248 Turbavit
384 2188 491 2250 nitidos
514 2191 673 2250 exstinctus
693 2207 797 2269 passer
819 2187 945 2262 ocellos,

223 2271 284 2333 Sed
307 2272 434 2351 potanda
458 2272 559 2334 ferens
581 2274 735 2335 infantibus
759 2273 850 2336 ubera
871 2270 993 2350 magnis,

205 2355 260 2418 lit
277 2373 369 2436 saepe
389 2357 536 2418 horridior
556 2359 692 2437 glandem
713 2366 845 2420 ructante
868 2356 980 2418 marito.
1185 2365 1217 2418 10

224 2441 340 2521 Quippe
362 2440 447 2503 aliter
466 2451 534 2506 tunc
553 2443 626 2505 orbe
647 2461 725 2505 noro
747 2443 894 2522 coeloque
916 2436 1030 2500 receuti

221 2525 368 2587 virebant
390 2527 540 2606 homines,
565 2529 613 2607 qui
635 2537 721 2608 rupto
744 2528 854 2588 robore
877 2524 935 2585 nati

224 2606 422 2689 Compositive
445 2611 506 2671 luto
528 2610 625 2671 nullos
646 2610 777 2671 habuere
800 2616 946 2686 parentes.

222 2692 311 2752 llulta
333 2694 491 2772 pudicitiae
511 2695 621 2754 veteris
643 2694 767 2769 vestigia
789 2691 889 2749 forsan

224 2776 280 2835 dut
302 2774 398 2854 aliqua
422 2776 586 2835 exstiterint
607 2785 636 2834 et
656 2774 710 2835 sub
731 2774 817 2843 love;
843 2773 897 2834 scd
918 2769 988 2832 love
1010 2769 1135 2832 nondum
1184 2781 1215 2836 15

221 2857 364 2935 barbato,
388 2857 513 2918 nondum
534 2857 655 2921 Graecis
677 2860 774 2921 iurare
798 2859 906 2938 paratis

222 2942 278 3003 Per
300 2951 387 3023 caput
407 2942 540 3021 alterius,
565 2962 650 3023 quum
670 2943 763 3006 mrem
785 2959 870 3004 nemo
892 2943 1007 3003 timeret

224 3023 361 3087 caulibus
384 3035 414 3089 et
435 3029 529 3106 pomis
551 3038 581 3090 et
600 3040 702 3108 aperto
726 3031 840 3090 viveret
861 3027 957 3088 lrorto.

222 3110 360 3173 Paulatim
380 3111 486 3174 deinde
509 3113 545 3175 ad
565 3130 690 3194 superos
712 3113 837 3176 Astraea
857 3110 982 3174 recessit

221 3195 284 3258 liae
305 3198 427 3275 comite,
453 3205 539 3276 atque
561 3197 636 3260 duae
660 3198 770 3278 pariter
792 3197 896 3275 fugere
918 3211 1046 3262 sorores.
1180 3203 1213 3256 st

222 3281 378 3360 Antiquum
400 3291 535 3343 etvetus
558 3292 603 3344 est
625 3280 765 3358 alienum,
788 3281 940 3358 Postume,
964 3279 1071 3340 lectum

224 3362 391 3429 concutere
412 3374 499 3447 atque
524 3368 601 3430 sacri
623 3368 740 3446 genium
764 3374 951 3428 contemmere
975 3362 1070 3425 fulcri.

224 3449 314 3510 Omne
333 3452 410 3513 aliud
431 3454 540 3514 crimen
560 3469 629 3512 mox
649 3451 747 3513 ierrea
770 3450 890 3530 protulit
910 3457 1006 3512 aetas:

223 3533 365 3596 Viderunt
385 3537 492 3615 primos
516 3546 655 3616 argentea
673 3535 772 3600 secula
795 3534 944 3596 moechos.
