2592 4022
554 267 591 328 n.
613 267 684 315 nnr.
705 265 892 316 mvunsnrs

546 499 880 567 SATIRAXII.

219 613 338 718 Natali,
366 639 508 719 (terrine,
532 643 580 703 die
600 643 668 704 mibi
692 645 805 707 dulcior
828 646 903 707 baec
928 645 987 724 lux,

220 729 285 804 Qua
308 726 399 786 iestus
423 726 566 806 promisse
588 727 652 790 deis
674 730 805 791 animalia
827 747 934 810 cespes
1031 805 1035 812 ¹

220 813 393 892 Exspectat.
426 809 547 871 Niveam
567 813 688 889 reginae
712 814 841 876 ducimus
862 831 975 892 agnam,

220 899 275 960 Par
295 894 392 956 vellus
416 893 530 956 dabitur
550 899 688 974 pugnanti
710 896 847 975 Gorgone
867 896 980 967 illaura;

220 982 280 1043 Sed
301 979 406 1059 procul
428 987 580 1041 extensum
604 981 738 1058 petulans
761 982 852 1060 quatit
871 980 964 1041 boetia
986 982 1083 1042 funem
1187 993 1202 1046 5

220 1065 347 1145 'l'arpeic
370 1073 484 1125 servata
508 1063 572 1126 lori
596 1063 781 1144 frontemque
802 1074 949 1142 coruscat,

220 1149 339 1227 Quippe
363 1147 449 1208 iercx
469 1148 595 1224 vitulus,
625 1149 741 1227 templis
764 1158 891 1210 maturus
915 1158 944 1209 et
969 1166 1038 1210 urae

219 1230 469 1311 spargendusque
495 1247 594 1308 mero,
616 1250 704 1310 quem
725 1233 780 1292 iam
802 1232 893 1311 pudet
914 1232 1005 1295 ubera
1027 1236 1126 1296 metris

218 1314 355 1390 Ducere,
382 1315 537 1392 quiverat
558 1318 690 1375 nascenti
711 1315 820 1376 rcbcrn
842 1333 941 1375 cornu.

218 1398 250 1460 Si
272 1415 321 1458 res
345 1396 439 1475 ampla
463 1397 539 1458 domi
559 1398 720 1478 similisque
743 1398 895 1460 affectibus
918 1411 1008 1479 esset,
1172 1417 1203 1468 lu
1267 1389 1268 1418 ¹

219 1482 356 1558 Pinguicr
378 1480 510 1560 Hispulla
531 1483 695 1544 traheretur
716 1492 814 1545 taurus
838 1493 868 1544 et
891 1485 955 1563 ipsa

217 1564 297 1627 liele
320 1565 406 1644 piger
426 1583 482 1625 nec
504 1565 621 1627 finitima
642 1569 762 1628 nutritus
783 1567 813 1628 in
833 1567 936 1644 herba,

217 1648 306 1710 baete
328 1648 382 1709 sed
406 1649 563 1710 ostendeus
587 1647 721 1712 Clitumni
743 1670 853 1732 pascua
879 1652 997 1730 sangnis

217 1731 277 1794 lret
300 1733 491 1810 stuprandi
514 1735 617 1795 cervix
637 1734 769 1796 lenienda
792 1736 933 1812 ministro,

218 1813 263 1876 0b
285 1815 408 1878 reditum
430 1817 601 1896 trepidantis
624 1818 717 1880 adbuc
737 1818 939 1898 horrendaque
961 1820 1042 1898 passi

217 1899 319 1978 Nuper
341 1909 370 1960 et
392 1901 566 1962 incolumem
588 1919 657 1961 sese
678 1903 804 1962 mirantis
827 1903 920 1964 amici.

216 1982 290 2045 Nam
310 1991 429 2062 praeter
453 1985 552 2063 pelagi
575 2003 659 2044 casus
683 1994 713 2045 et
736 1985 861 2046 iulnninis
882 1987 956 2047 ictus

217 2066 334 2128 Evasit:
368 2066 477 2127 densae
501 2066 615 2127 coelum
639 2067 820 2129 abscondere
847 2068 987 2130 tenebrae

215 2149 301 2210 Nube
326 2167 381 2210 una
408 2148 579 2229 subitusque
602 2159 750 2212 antemnas
772 2151 885 2231 impulit
906 2153 992 2231 ignis,

218 2231 311 2306 Quum
334 2249 367 2292 se
391 2231 513 2311 quisque
536 2233 587 2295 illo
610 2253 781 2314 percussum
804 2235 940 2297 crederet
966 2246 995 2299 et
1014 2254 1084 2299 mcx

217 2314 364 2377 Attonitus
388 2315 497 2377 nullum
519 2317 647 2379 conierri
669 2337 759 2399 posse
783 2329 898 2399 putaret

215 2398 403 2478 Naufragium
424 2400 500 2461 velis
522 2401 698 2464 ardentibus.
734 2402 834 2466 Omnia
857 2404 927 2466 liunt

216 2482 315 2561 Talia,
338 2492 395 2545 tam
417 2486 562 2564 graviter,
585 2489 610 2548 si
633 2487 747 2568 quaudo
765 2489 883 2568 poetica
905 2490 998 2568 surgit

216 2567 400 2646 Tempestas.
435 2567 532 2629 (lenus
554 2588 627 2631 ecce
649 2571 726 2633 alind
749 2571 919 2633 discriminis
942 2572 1006 2635 andi

215 2649 253 2711 m
275 2653 417 2711 miserere
437 2651 556 2731 iterum,
580 2657 829 2748 quamquamqint
853 2665 952 2718 cetera
975 2658 1065 2719 sortis
1192 2677 1202 2690 ·
1268 2673 1269 2682 ¹

215 2731 354 2794 Eiusdem
377 2752 446 2814 pure
468 2736 529 2796 dira
550 2738 686 2816 quidem,
709 2738 763 2798 sed
787 2739 903 2816 cognita
926 2741 1023 2802 multis

215 2816 254 2878 lit
276 2834 359 2896 quam
380 2819 479 2879 votiva
502 2829 643 2880 testantur
664 2820 730 2882 iana
753 2822 863 2884 tabella

215 2899 356 2971 Plurima;
379 2903 508 2981 pictores
530 2904 595 2983 quis
616 2905 711 2965 nescit
733 2905 768 2966 ab
791 2905 869 2967 lside
892 2907 996 2986 pasci?

215 2983 332 3046 Accidit
356 2994 387 3045 et
406 2995 507 3046 nostru
532 2988 632 3048 similis
657 2989 771 3051 fortuna
793 2987 917 3052 Getullu.

216 3067 309 3141 Quum
330 3068 434 3148 plenus
457 3067 544 3131 linctu
565 3070 676 3133 medius
694 3073 773 3134 iuret
793 3074 894 3135 alvens
917 3085 947 3138 et
966 3078 1032 3157 ium,

215 3150 366 3214 Alternum
390 3154 495 3232 puppis
518 3153 593 3216 latus
620 3157 817 3218 evertentibus
843 3157 925 3220 undis

216 3234 339 3297 Arboris
361 3237 507 3315 incertae,
529 3239 635 3302 nullam
659 3241 810 3320 prudentia
832 3243 896 3303 cani

216 3313 350 3380 Rectcris
372 3320 521 3383 conferret
542 3339 644 3403 opem,
669 3324 807 3386 decidere
828 3327 904 3387 iactu

216 3398 322 3481 coepit
345 3422 408 3464 eum
429 3406 540 3483 ventis,
563 3407 688 3470 imitatus
711 3417 844 3487 castora,
871 3411 975 3490 quise

214 3481 382 3548 Eunuchum
405 3489 469 3570 lpse
492 3490 578 3569 iacit,
605 3493 724 3573 cupiens
748 3495 874 3555 evadere
896 3495 999 3557 damno
