2552 4028
482 265 607 313 sauma
629 265 689 312 VII.

85 406 243 467 Lautorum
265 421 390 485 pueros:
413 414 505 465 artem
527 405 644 464 scindes
667 403 824 465 Theodori.

85 490 198 552 Balnea
224 490 369 549 sescentis
393 497 422 548 et
444 487 535 567 pluris
557 489 699 567 porticus,
721 489 750 547 in
773 507 829 568 qne
866 562 868 568 Α

87 574 227 636 Gestetur
249 573 397 650 dominus,
419 573 535 651 quoties
557 571 643 651 pluit;
664 589 737 633 aune
759 590 894 634 serenum

85 659 254 742 Exspectet
275 665 452 737 spargatque
476 655 537 716 luto
559 657 684 716 iumenta
705 653 839 717 recenti?
1028 666 1080 720 180

85 741 142 803 llic
164 742 277 822 potius,
299 755 432 820 namque
446 740 494 800 hic
514 740 637 800 mundae
656 741 728 800 nitet
750 740 855 818 ungula
877 740 982 801 mulae.

85 827 174 887 Parte
196 827 252 886 alia
275 825 371 903 longis
391 823 577 885 Numidarum
597 823 669 886 fulta
692 825 832 886 columnis

87 913 197 988 surgat
218 919 247 970 et
267 909 413 988 algentem
434 907 529 988 rapiat
544 907 678 969 coenatio
698 909 801 969 solem.
841 919 845 928 “

87 995 319 1073 Quantioamque
343 993 462 1069 domus,
484 995 583 1053 veniet
606 994 655 1070 qui
676 992 788 1053 fercula
807 991 893 1052 docte

88 1077 268 1158 componam
290 1079 390 1137 veniet
408 1079 458 1158 qui
480 1077 671 1156 pulmentaria
694 1076 801 1137 condit.
1029 1083 1080 1139 185

86 1163 151 1226 Hos
173 1164 248 1224 inter
268 1171 398 1240 sumptus
419 1163 555 1222 sestertia
578 1160 765 1238 Quintiliano,

87 1247 127 1309 Ut
147 1247 282 1322 multum,
305 1246 362 1307 duo
384 1245 544 1306 sullicient:
565 1263 615 1304 res
637 1244 715 1305 nulla
736 1244 854 1306 minoris

90 1329 244 1392 constabit
266 1332 356 1409 patri,
380 1347 464 1409 quam
486 1329 700 1390 lilius-Unde
722 1331 809 1407 igitur
829 1337 873 1389 tot

89 1414 282 1490 Quintilianus
305 1413 395 1474 habet
416 1411 532 1474 saltus?
548 1413 749 1492 —Exempla
769 1428 909 1473 novorum

88 1498 227 1565 Fatorum
245 1498 350 1558 transi:
374 1496 447 1558 felix
469 1508 499 1558 et
519 1496 643 1576 pulcher
666 1505 696 1557 et
717 1512 802 1572 acer,
1032 1502 1082 1557 190

91 1581 175 1648 Felix
198 1590 227 1641 et
247 1583 364 1661 sapiens
386 1589 416 1642 et
437 1580 544 1643 nobilis
565 1589 594 1640 et
615 1596 791 1658 generosus,

92 1667 264 1746 Appositum
284 1667 386 1744 nigrae
406 1664 501 1725 lunam
522 1663 650 1748 subtexit
673 1663 785 1732 alutae;
845 1709 846 1712 ,

93 1750 177 1816 Felix
197 1759 296 1810 orator
319 1767 435 1830 quoqne
457 1749 597 1810 maximus
621 1757 650 1808 et
669 1747 825 1815 iaculator3

92 1836 147 1913 Et,
169 1837 194 1895 si
217 1835 366 1914 perfrixit,
386 1842 482 1894 cantat
503 1832 589 1894 hene.
632 1831 728 1893 Distat
751 1832 843 1909 enim,
867 1847 942 1910 quae

92 1920 197 1980 Sidera
219 1928 248 1978 te
269 1919 416 1996 excipiant
437 1918 525 1979 modo
545 1917 656 1997 primos
677 1917 863 1996 incipientem
1031 1919 1082 1975 195

92 2003 191 2064 Edere
211 2004 325 2081 vagitus
348 2012 378 2064 et
399 2001 494 2064 adhuc
514 2020 530 2062 a
551 2010 644 2062 matre
665 2000 827 2062 nubentem.

92 2089 123 2148 Si
134 2089 261 2151 Fortuna
282 2086 379 2162 volet,
403 2085 458 2147 hes
481 2086 517 2146 de
538 2086 658 2147 rhetore
680 2085 797 2154 consul;

92 2173 122 2234 Si
145 2172 227 2233 volet
248 2170 322 2232 haec
345 2171 465 2247 eadem,
488 2171 542 2231 hes
564 2171 601 2232 de
620 2170 746 2231 'consule
767 2168 877 2230 rhetor.

91 2256 244 2317 Ventidius
268 2255 336 2335 quid
360 2251 453 2314 enim?
471 2255 545 2335 'quid
567 2252 700 2315 Tullius?
721 2271 796 2315 anne
820 2250 897 2313 aliud
927 2265 1011 2332 quam

92 2341 179 2402 Sidus
205 2349 234 2401 et
257 2339 367 2400 occulti
388 2339 515 2399 miranda
538 2341 668 2417 potentia
689 2335 761 2398 lati?
829 2403 834 2414 ,
1031 2339 1084 2392 too

92 2426 194 2498 Servis
214 2440 305 2502 regna
328 2422 450 2500 dabunt,
474 2423 596 2501 captivis
615 2422 675 2483 lata
694 2419 876 2498 triumphurn.

91 2509 177 2570 Felix
195 2508 246 2568 ille
263 2517 360 2568 tamen
382 2523 472 2567 corvo
496 2523 612 2586 quoque
634 2507 728 2565 rarior
750 2503 830 2564 albo.

91 2593 238 2655 Paenituit
259 2591 364 2651 multos
386 2607 479 2652 ranae
501 2589 670 2667 sterilisque
692 2586 861 2661 cathedrae,

93 2679 176 2738 Sicut
198 2674 405 2752 Thrasymachi
428 2673 534 2754 prohat
552 2675 647 2734 exitus
666 2682 753 2751 atque
777 2667 903 2732 Secundi

95 2760 269 2823 carrinatis:
290 2769 318 2820 et
340 2759 416 2820 hunc
435 2761 552 2840 inopern
573 2758 702 2834 vidistis,
725 2755 870 2829 Athenae,
1033 2759 1085 2813 205

93 2845 142 2905 Nil
163 2854 282 2925 praeter
304 2844 418 2922 gelidas
441 2861 529 2904 ausae
550 2841 687 2903 conferre
711 2843 830 2902 cicutas.

94 2928 148 3005 Di,
171 2930 310 2990 maiorum
333 2925 440 2988 umbris
459 2937 575 2988 tenuem
596 2935 625 2986 et
646 2928 709 2986 sine
732 2926 864 3004 pondere
883 2931 1006 2996 terram,

96 3014 307 3092 spirantesque
330 3028 435 3071 crocos
459 3020 488 3071 et
508 3013 537 3070 in
555 3027 626 3070 urna
648 3018 822 3089 perpetuum
842 3023 910 3082 rer,

96 3097 152 3170 Qui
175 3105 401 3177 praeceptorem
423 3096 515 3161 sancti
536 3094 660 3154 voluere
682 3093 812 3173 parentis

95 3179 172 3241 Esse
195 3181 278 3242 loco!
301 3179 433 3241 Metuens
452 3181 554 3256 virgae
576 3180 631 3239 iam
652 3177 770 3257 grandis
790 3173 924 3234 Achilles
1034 3179 1087 3234 210

98 3263 241 3328 cantabat
262 3266 364 3344 patriis
382 3266 411 3324 in
432 3263 577 3324 montibus
608 3269 638 3322 et
666 3262 713 3323 cui
725 3275 791 3319 ¹non
810 3267 877 3318 tune

95 3348 229 3411 illiceret
249 3351 338 3413 risum
361 3348 521 3410 citharoedi
544 3347 635 3408 cauda
657 3344 802 3424 magistri:

97 3435 158 3496 Sed
180 3435 285 3496 Rufum
308 3442 395 3514 atque
415 3433 489 3494 alios
511 3431 606 3494 caedit
627 3449 679 3491 sua
696 3444 841 3507 quemque
862 3427 1006 3499 iuventus,

97 3517 220 3596 Rufum,
246 3537 332 3598 quem
355 3517 444 3578 toties
467 3513 641 3578 Ciceronem
663 3513 827 3589 Allobroga
836 3509 927 3656 4dixit.
