2552 4028
194 229 260 277 vm
303 267 305 272 .
543 229 546 232 ’
577 221 792 278 marmanum.

191 374 230 430 ris
240 370 442 444 locupletissimus
452 375 536 429 auctor
545 375 605 428 satis
615 375 692 442 cavit,
704 380 732 430 ut
742 373 840 433 exiliunt
850 369 962 444 po'ttaea
970 372 1176 446 mortistanpuuo

193 455 364 530 salmonum
380 471 452 530 mem
468 456 533 529 quod
549 457 590 512 ille
604 459 687 514 statim
697 463 753 528 post
763 463 877 530 acceptos
891 455 1106 514 mnemosanmo
1116 473 1176 514 eou-

132 593 141 608 ,
192 547 326 597 denatum
336 555 367 596 ex
377 541 527 614 aegritudine
537 540 626 596 obisse
636 543 723 607 iactat,
740 555 772 597 ne
783 542 804 596 si
814 541 942 598 Traianum
952 542 1050 614 quidem
1059 542 1175 597 retinere-

160 644 165 660 ¹
192 641 263 693 mns,
274 624 331 680 ferri
342 631 438 697 posset,
454 626 512 697 quia¹
520 624 656 682 Iuvenalem
672 625 702 682 ad
713 621 858 682 Hadrianum
873 640 950 697 usque
965 626 1054 681 uixisse
1069 633 1175 696 constat,

193 709 282 765 nedum
295 709 316 764 si
326 707 503 775 llomitimam,
521 725 570 784 quo
585 703 687 766 mortuo'
696 711 722 765 in
732 710 832 781 patriam
852 723 974 765 reuersum
990 723 1045 764 esse
1058 710 1097 765 vel
1113 710 1176 780 lapis

192 794 234 849 ille
249 793 344 865 argnit;
365 794 432 866 atqui
447 808 478 849 ne
488 793 536 849 hoc
551 795 649 866 quidm
666 809 751 850 omnes
766 793 926 850 communiter
941 793 1051 861 tradunt,
1067 794 1111 850 sed
1128 794 1176 848 etsi

192 883 285 933 mature
306 877 369 949 apud
383 877 555 951 grammadcos
571 893 599 934 ea
616 878 697 950 opinio
718 877 845 934 invdumse
861 876 969 945 uidetur,
990 883 1018 933 ut
1036 877 1108 933 exilio
1124 893 1175 933 nou

192 962 234 1018 diu
250 967 372 1034 superstes
389 962 462 1018 luisse
472 953 623 1028 crederem,
640 979 703 1018 unus
718 969 799 1019 tamen
810 963 889 1032 ipsum
900 961 999 1017 exlium
1010 978 1024 1016 a
1034 961 1175 1017 Domitiano

192 1046 223 1102 ad
233 1045 379 1102 Antoninum
390 1060 466 1117 usque
479 1047 617 1114 continuat,
635 1047 695 1102 alter
709 1048 747 1101 vel
765 1051 939 1116 praematuram
949 1051 1054 1100 mortem
1069 1061 1125 1100 cum
1134 1059 1175 1100 re-

193 1129 244 1185 ditu
260 1127 290 1182 ab
307 1128 379 1184 exilio
390 1127 484 1200 iungit:
502 1129 589 1202 quain
605 1129 747 1185 confusione
762 1128 821 1184 nihil
836 1127 908 1183 nobis
917 1129 1070 1200 relinqantur,
1088 1130 1173 1185 nisiut

191 1217 271 1268 morte
281 1217 307 1266 et
322 1211 395 1267 exilio
404 1226 503 1283 prorsus
514 1213 576 1268 inter
586 1228 613 1267 se
622 1213 747 1284 disparatis
764 1213 794 1268 de
803 1217 907 1284 utroque
916 1212 942 1268 id
951 1227 1096 1284 sequamur,
1108 1213 1174 1286 qood

191 1301 233 1351 aut
244 1301 386 1368 argumenta
403 1310 434 1350 en
449 1295 528 1352 sobria
545 1296 644 1351 testium
659 1297 835 1353 existimatione
851 1297 953 1367 repetita
977 1302 1018 1352 aut
1035 1304 1171 1368 temporum

190 1385 263 1435 nome
273 1379 332 1450 ipsis
343 1384 430 1450 poetae
439 1379 518 1436 satiris
528 1380 658 1452 impressae
666 1381 845 1437 commendent.

276 1462 341 1518 llaec
350 1449 432 1518 aiom
448 1479 477 1520 eo
487 1464 568 1535 potius
578 1481 623 1520 nos
635 1465 785 1530 conducant,
802 1471 830 1520 ut
841 1479 925 1520 omnes
935 1479 995 1536 quas
1003 1464 1121 1536 habemus
1132 1480 1171 1520 sa·

124 1561 129 1570 ·
190 1548 248 1602 tiras
258 1553 314 1618 post
324 1547 422 1603 exilium
433 1547 531 1604 demum
547 1549 698 1621 reditumque
714 1563 745 1604 ex
755 1549 877 1604 Britannia
894 1549 996 1619 scriptas
1014 1555 1171 1604 essecertm

191 1632 231 1688 sit.
261 1629 323 1687 Nam
333 1631 475 1688 Maedicae
487 1634 540 1705 fere
555 1641 653 1690 maen
668 1649 786 1690 consensu
796 1634 895 1688 testium
910 1632 1060 1696 denarravit,
1077 1632 1124 1688 hac
1134 1641 1171 1688 est

191 1716 400 1772 exercitationibus
411 1723 436 1772 et
447 1718 646 1774 ostentationibus
655 1718 781 1774 rhetoricis
793 1732 891 1790 operam
908 1717 986 1784 dedit,
1003 1716 1079 1772 mend
1093 1717 1171 1789 anapia

190 1801 836 1875 amaaqtaaqeodeedolaeseaaaforepraepmmet,
847 1801 906 1858 satu
914 1801 1027 1856 mnrium
1034 1801 1169 1867 commode,

190 1888 218 1939 ut
226 1882 299 1937 iidem
310 1884 462 1954 grammatici
472 1890 606 1951 testantur,
625 1899 675 1939 are
685 1887 794 1942 familiari
805 1886 963 1950 constitutam,
976 1887 1004 1940 rit
1014 1885 1055 1958 qui
1066 1883 1170 1940 liberaret

132 2023 134 2028 Α
189 1965 843 2044 eepnuneeeenfiaeanaeeeeeaaqnee
862 1968 1169 2042 mueronem.

189 2049 307 2114 stertisset,⁸
329 2065 376 2122 quo
397 2052 512 2122 temporis
529 2053 606 2123 spatio
623 2053 696 2108 etiam
711 2067 768 2108 cum
784 2051 891 2109 Martiale
905 2053 1090 2110 familiaritatem
1103 2053 1170 2109 illam

190 2135 278 2198 unua,
298 2134 366 2188 cuius
383 2133 423 2188 hic
440 2135 598 2192 honorificum
615 2143 641 2191 et
657 2151 732 2207 paene
750 2137 851 2192 dixerim
867 2137 968 2193 munium
984 2131 1170 2194 monumentum

189 2215 273 2290 Epigr.
284 2217 334 2272 Vll.
346 2219 381 2274 24
392 2217 502 2290 reliquit;
518 2234 596 2292 neqne
607 2221 690 2276 andeis
707 2227 771 2276 certe
780 2221 942 2293 eloquentiam
953 2221 1005 2278 eius
1020 2221 1170 2294 dupleusso

186 2301 288 2376 faciendi
298 2299 425 2372 appellatio
443 2303 505 2374 apud
516 2303 619 2360 eundem
634 2303 684 2360 v11.
695 2307 730 2363 91
741 2305 861 2368 declarat:
882 2321 913 2360 en
923 2306 1007 2362 eadem
1019 2312 1100 2362 annm
1110 2321 1170 2360 cou-

188 2385 315 2441 suetudine
325 2384 389 2442 haud
398 2385 449 2442 scio
466 2401 497 2443 an
506 2389 611 2460 primum
627 2389 696 2445 illum
706 2396 820 2446 conatum
836 2389 960 2461 poeticum
969 2396 1078 2462 repetere
1088 2390 1167 2458 licent¹

188 2485 261 2542 qnam
270 2485 346 2544 quum
354 2473 418 2526 uitae
428 2473 558 2544 scriptores
566 2490 666 2546 paenae
675 2475 775 2530 satane
784 2475 919 2546 appellent,
937 2473 1048 2546 equidem
1058 2475 1170 2544 superins

188 2555 219 2610 ad
228 2555 453 2628 epigrammaticum
465 2571 543 2630 genus
553 2572 666 2613 mancare
675 2558 757 2613 malui.
769 2558 863 2628 Aliquid
873 2559 956 2628 ntique
964 2558 1036 2611 etiam
1046 2559 1169 2629 epigram-

122 2692 126 2697 ,
187 2637 247 2692 mati
265 2653 322 2693 cum
333 2639 405 2693 satira
422 2654 552 2694 commune
568 2647 616 2703 est,
635 2655 682 2695 nec
697 2639 761 2710 quod
775 2639 888 2694 limtialis
899 2640 929 2696 ll.
941 2639 1038 2697 ansuis
1047 2640 1168 2714 epigram-

187 2719 259 2776 matis
268 2721 419 2791 propositum
430 2735 483 2776 esse
494 2723 578 2787 laetat,
588 2738 688 2794 parcere
694 2722 814 2794 paeana,
827 2723 906 2780 dicen
916 2723 945 2780 de
955 2724 1028 2791 attis,
1040 2726 1167 2782 satirarum

186 2803 290 2876 scriptor
301 2819 314 2860 a
325 2817 352 2860 se
370 2805 473 2862 dierum
488 2803 593 2876 putabit;
609 2807 662 2877 ipso
677 2812 758 2862 nmen
774 2821 865 2880 genere
880 2809 945 2865 aiud
960 2815 998 2865 est
1008 2810 1165 2883 epigramma,

186 2887 251 2960 quod
261 2903 292 2944 ne
308 2887 365 2944 vitia
375 2890 472 2962 quidem
482 2888 551 2946 aliter
561 2905 590 2946 ac
599 2890 685 2946 ludens
695 2891 787 2964 tangit,
807 2892 871 2949 aliud
881 2893 966 2960 satira,
984 2909 1046 2966 quae
1057 2894 1099 2950 ubi
1109 2895 1167 2950 uitia

185 2972 333 3044 mesquitam
349 2986 381 3028 ae
390 2987 504 3044 personas
514 2973 610 3047 qudem
621 2975 723 3031 intactas
733 2975 970 3049 relinquerepotest;
985 2993 1057 3051 qoam
1067 2978 1097 3034 ad
1109 2993 1166 3034 nor·
1267 2985 1268 2994 ¹

186 3069 251 3112 mam
266 3057 288 3112 si
302 3055 434 3114 seniculos
445 3057 499 3113 illos
514 3073 558 3130 per
568 3059 670 3115 sesolos
686 3059 819 3133 exigimus,
831 3060 895 3117 haud
905 3061 956 3117 seio
967 3077 998 3118 an
1007 3063 1075 3118 lusus
1084 3063 1166 3134 potius

186 3153 258 3213 quam
274 3140 397 3198 aemoniae
406 3141 532 3214 grauitatis
542 3149 625 3199 notam
635 3149 737 3217 gerant3
749 3158 796 3199 nec
805 3144 870 3216 quod
881 3145 980 3201 eosdem
989 3147 1074 3202 maiori
1084 3152 1166 3216 poste-

185 3223 236 3280 rius
245 3224 332 3281 satine
343 3223 461 3282 quenal‘m
471 3226 584 3294 inseruit,
602 3227 824 3302 epigrammatieam
834 3228 931 3286 illomm
942 3229 1047 3286 indolem
1065 3228 1164 3293 minante

185 3307 260 3365 mmo
277 3315 393 3381 qnantum
403 3309 514 3384 equidem
528 3313 658 3381 sendo,in
674 3311 726 3367 allis
744 3327 840 3385 quoque
857 3313 984 3370 satirarum
995 3314 1046 3369 eius
1056 3314 1165 3384 partibus

184 3391 265 3448 lusum
276 3397 301 3448 et
311 3393 502 3466 indignationem
517 3401 568 3452 nm
579 3411 653 3470 aegre
668 3395 802 3462 discam
821 3403 849 3453 ut
868 3398 988 3454 interdum
1003 3399 1164 3470 epigramma-

183 3481 238 3532 tum
248 3475 329 3546 patius
346 3477 432 3536 seriem
445 3480 499 3536 lana
514 3481 687 3537 sententiarum
697 3481 855 3537 continuitate
871 3481 978 3537 iuncum
991 3481 1074 3553 legere
1084 3479 1165 3537 uideo·

183 3557 232 3622 risa
250 3559 316 3632 quod
325 3560 367 3616 uhi
377 3563 407 3618 ad
422 3569 528 3622 veterem
538 3565 668 3623 inventutis
678 3564 878 3622 comnotudinem
892 3579 995 3635 muco,
1013 3563 1061 3621 deo
1070 3569 1164 3620 mntem
