2552 4028
196 255 234 320 12
518 269 552 316 o.
576 268 647 316 uun.
670 267 858 316 rovsssnrs

96 437 99 444 ⁴
192 410 239 472 Nil
260 409 312 470 tibi
334 428 366 469 se
387 409 498 471 debere
520 417 619 488 putat,
641 407 682 467 nil
705 408 838 469 conferet
855 423 997 486 umquam,

192 495 365 572 Partioipem
388 494 436 572 qui
455 501 485 552 te
507 493 616 553 secreti
635 492 707 552 lecit
728 491 860 561 bonesti;

194 576 285 639 (larus
305 578 359 637 erit
379 575 482 653 Verri,
503 577 551 655 qui
572 575 695 636 Verrem
717 584 849 655 tempore
872 591 929 655 quo
951 574 1013 635 vult

195 660 342 722 Accusare
362 670 468 739 potest.
506 659 588 721 Tanti
606 660 657 720 tibi
677 661 791 720 nonsit
812 660 898 739 opaci

193 743 290 805 Omnis
312 762 400 805 arena
422 743 494 823 Tagi
513 745 649 824 quodque
671 745 699 804 in
716 762 795 805 mare
813 744 939 812 solvitur
960 760 1087 819 aurum,
1146 755 1180 807 55

191 828 228 890 Ut
250 846 350 890 somno
373 847 475 891 careas
497 830 690 908 ponendaque
711 829 840 909 praemla
861 844 957 888 sumas

192 912 294 974 Tristis
316 921 346 974 et
366 932 382 974 a
400 930 504 992 magno
527 931 644 993 semper
664 913 792 978 timearis
814 914 916 974 amico.

235 997 317 1072 Quae
340 1016 415 1058 nunc
434 997 569 1059 divitibus
592 1012 665 1075 gens
685 997 887 1077 acceptissima
909 995 1026 1071 nostris,

192 1082 229 1144 itt
250 1099 325 1160 quos
346 1079 505 1160 praecipue
528 1082 651 1158 logiam,
674 1081 841 1161 properabo
865 1081 960 1156 lateri,

191 1164 255 1226 Neo
278 1163 372 1244 pudor
395 1163 529 1224 obstabit.
575 1163 640 1225 Nou
662 1181 779 1243 possum
801 1165 899 1241 lerre,
923 1162 1063 1238 Quirites,
1148 1171 1182 1226 6⁰

193 1248 334 1310 Graecam
354 1246 470 1322 urbem3
494 1250 624 1326 quamvis
646 1258 734 1328 quota
757 1251 852 1328 portio
874 1248 967 1310 faecis
989 1242 1124 1307 Achaei?

192 1332 250 1394 lum
271 1330 383 1410 pridem
406 1332 497 1407 Syrus
517 1333 547 1392 in
563 1330 690 1394 Tiberim
712 1333 832 1395 deduxit
853 1331 990 1409 Orontes,

117 1483 122 1496 ¹
191 1415 229 1478 Et
251 1416 376 1493 linguam
399 1424 429 1477 et
449 1433 547 1476 mores
571 1427 599 1478 et
622 1435 685 1478 curu
706 1418 825 1478 tibicine
845 1416 970 1478 chordas

65 1551 83 1580 ,
192 1499 332 1580 Obliquas
351 1518 407 1561 nec
426 1517 484 1561 non
501 1501 622 1579 gentilia
642 1511 776 1581 tympana
800 1520 899 1563 secum

192 1584 280 1645 Vexit
302 1592 332 1645 et
350 1583 387 1645 ud
410 1587 517 1646 circum
540 1588 633 1647 iussas
654 1594 788 1666 prostare
811 1585 935 1667 puellas.
1149 1591 1184 1646 65
1253 1615 1254 1658 p

192 1668 252 1746 lte,
275 1669 379 1748 quibus
401 1677 483 1747 grata
507 1679 552 1730 est
574 1671 651 1750 picta
674 1671 741 1750 lupa
762 1669 885 1732 barbara
906 1668 1001 1730 nultra!
1253 1659 1254 1686 ¹

192 1751 329 1814 Rusticus
351 1752 401 1814 ille
424 1762 489 1814 tuus
512 1755 595 1814 sumit
616 1755 826 1834 trecbcdlpna,
850 1753 986 1829 Quirine,

193 1835 230 1897 Et
252 1838 428 1896 ceromatico
450 1837 509 1898 lert
529 1840 669 1900 niceteria
692 1839 787 1900 collo!

192 1918 246 1979 Hic
268 1919 325 1978 alta
344 1919 487 1995 Sicyone,
512 1929 556 1980 ast
573 1921 621 1981 hic
644 1922 796 1996 Amydone
818 1922 934 1995 relicta,

192 2001 246 2062 Hic
267 2000 385 2077 Andro,
410 2001 460 2062 ille
482 2004 584 2078 Samo,
610 2003 656 2065 bic
680 2003 826 2064 Trallibus
847 2013 895 2064 aut
913 2003 1082 2081 Alabandis,
1150 2011 1185 2066 to

192 2085 339 2164 Esquilias
359 2086 522 2165 dictumque
545 2096 646 2164 petunt
664 2105 680 2148 u
701 2088 807 2148 vimine
831 2087 947 2165 collem,

193 2169 314 2229 Viscera
333 2186 499 2245 magnarum
523 2170 655 2230 domuum
678 2170 843 2252 dominique
865 2171 962 2232 luturl.

192 2252 341 2330 ingenium
363 2253 469 2331 uelox,
492 2252 612 2315 audacia
635 2256 763 2334 perdita,
783 2272 880 2317 sermo

192 2337 346 2415 Promptus
364 2345 394 2398 et
415 2336 500 2400 leaeo
523 2341 688 2401 torrentior.
732 2338 815 2418 Ede,
840 2339 907 2421 quid
929 2339 1008 2401 illum

192 2420 268 2482 Esse
289 2417 394 2501 putes?
417 2423 547 2502 quemvis
568 2423 712 2486 bominem
732 2443 831 2488 secum
854 2424 948 2487 attulit
968 2423 1004 2485 ad
1023 2438 1092 2482 nos:
1150 2431 1187 2487 'lo

193 2505 416 2585 Grammaticus,
439 2507 555 2585 rhetor,
575 2518 763 2587 geometres,
786 2511 899 2589 pictor,
924 2508 1039 2586 aliptes,

192 2588 310 2667 Augur,
334 2591 565 2667 schoenobates,
590 2595 735 2668 medicus,
753 2609 871 2690 magus:
894 2590 989 2650 omnia
1005 2587 1086 2646 novit

193 2671 353 2733 Graeculus
376 2676 524 2744 esuriens;
546 2675 575 2732 iu
599 2675 730 2749 coelum,
751 2675 888 2750 iusseris,
911 2671 972 2733 lbit.

191 2755 224 2818 lu
246 2772 370 2832 summa,
392 2773 448 2815 non
462 2754 579 2816 Maurus
601 2765 663 2816 erat
683 2774 780 2837 neque
803 2758 933 2818 Sarmata
951 2773 1010 2818 nec
1031 2754 1139 2834 Thrax,

193 2839 248 2914 Qui
266 2840 388 2919 sumpsit
409 2841 528 2918 pinnas,
550 2841 653 2901 mediis
671 2840 724 2902 sed
747 2849 830 2903 natus
852 2840 985 2904 Athenis.
1147 2850 1186 2906 80

191 2922 297 2985 Horum
320 2941 376 3002 ego
396 2941 453 2983 nou
474 2924 582 3002 fuglam
606 2923 779 3003 conchylia?
800 2943 846 2988 me
867 2928 948 3007 prlor
968 2927 1018 2990 llle

192 3007 322 3086 Signabit
342 3008 490 3088 fultusque
512 3017 577 3069 toro
599 3008 721 3072 meliore
742 3011 902 3092 recumbet,

192 3090 341 3152 Advectos
363 3090 482 3153 Romam
506 3110 564 3173 quo
587 3110 677 3172 pruna
699 3103 729 3156 et
752 3104 868 3158 cottona
886 3095 995 3159 vento?

194 3173 293 3255 Usque
314 3174 390 3236 adeo
412 3176 483 3237 nihil
506 3186 567 3254 est,
590 3179 668 3258 quod
692 3189 790 3241 nostra
811 3181 928 3244 infantia
948 3183 1062 3245 coelum

192 3257 293 3318 Hauslt
313 3258 465 3337 Aventini,
489 3261 581 3323 bacca
599 3264 703 3324 nutrita
720 3262 848 3327 Sabina?
1144 3277 1179 3332 ot

193 3340 268 3415 Quid
291 3344 368 3423 quod
386 3345 521 3407 adulandi
542 3365 616 3426 gens
639 3347 859 3427 prudentissima
882 3350 978 3412 laudet

193 3426 363 3488 Sermonem
382 3430 506 3508 indocti,
527 3430 631 3493 faciem
653 3431 792 3493 deformis
814 3435 908 3512 amici,

195 3507 229 3572 Et
250 3511 367 3591 longum
390 3515 507 3577 invalidi
528 3517 634 3578 collum
658 3517 822 3579 cervicibus
844 3527 949 3598 aequet
