2552 4028
198 238 239 300 m
529 248 564 294 n.
581 247 651 295 tou.
669 246 854 294 mutunus

198 389 237 450 m
257 379 471 465 xerampelinas
491 395 611 447 veteres
635 386 785 447 donaverit
807 386 874 465 ipsi,

198 472 252 547 Ut,
277 471 414 550 quidquid
436 471 522 531 submi
546 479 574 530 et
594 472 690 548 magni
712 470 883 530 discriminis
903 471 1000 546 instat,
1142 483 1197 537 sao

198 555 364 636 lntunieas
387 565 434 615 eat
457 563 486 615 et
506 563 597 615 totum
620 553 712 614 semel
736 555 837 632 expiet
858 561 969 614 annam.

198 638 356 699 ilibemum
376 638 469 700 iraeta
489 637 586 716 glaoie
609 637 768 699 descendet
789 639 819 696 in
840 647 962 714 amnem,

199 721 258 783 Ter
279 722 417 783 matutino
443 721 541 783 'liberi
563 730 711 800 mergetur
733 730 762 780 et
784 722 856 800 ipsis

198 804 365 866 Vorticibus
388 807 516 867 timidum
540 813 627 884 eaput
651 803 769 874 abluet3
797 804 864 866 inde
889 803 1016 884 Superbi

199 889 302 951 'lotum
323 892 403 968 regis
426 904 527 969 agrum
546 887 622 950 nuda
643 907 679 950 ae
702 887 890 950 tremebunda
912 889 1039 950 eruentis
1142 901 1195 954 ott

198 973 311 1054 ilrepet
331 973 470 1052 genitum
496 976 521 1034 si
544 973 665 1034 eandida
688 973 805 1034 iusserit
823 971 868 1048 lo,

199 1057 256 1118 ibit
277 1057 311 1117 ad
336 1057 466 1137 Aegypti
488 1058 574 1118 linem
598 1055 751 1136 talidaipue
771 1057 879 1136 petitas

200 1141 227 1202 A
248 1139 351 1202 lleroe
375 1141 503 1220 portabit
523 1151 630 1220 aquas,
655 1150 687 1200 ut
708 1149 830 1220 spargat
850 1142 878 1198 in
900 1137 1004 1200 aedem

199 1223 302 1300 isidis,
325 1226 442 1303 antiquo
465 1239 541 1302 quae
563 1225 696 1302 proxima
718 1227 810 1302 surgit
832 1223 910 1283 ovili.

201 1303 302 1366 Credit
326 1309 401 1367 enim
424 1308 516 1387 ipsias
538 1307 671 1368 dominae
691 1325 729 1368 se
751 1324 828 1368 voce
849 1307 977 1367 moneri:
1142 1310 1197 1370 5³0

199 1389 245 1451 lln
267 1391 388 1452 animam
410 1400 439 1452 et
460 1400 601 1469 mentem,
625 1403 690 1452 eom
711 1401 767 1472 qua
790 1392 818 1453 di
840 1400 927 1452 noete
950 1389 1122 1470 loquantur!

200 1473 280 1552 Ergo
301 1473 350 1535 hio
372 1477 560 1555 praecipuum
582 1491 778 1556 summumque
798 1483 927 1536 meretur
947 1473 1101 1552 honorem,
1124 1473 1129 1478 '

201 1557 256 1634 Qui
279 1577 374 1637 grege
397 1560 520 1638 linigero
544 1560 735 1621 eiroumdatns
753 1568 782 1620 et
804 1573 899 1638 grege
921 1556 1005 1619 oalvo

200 1642 368 1722 Plangentis
391 1644 492 1723 popuii
515 1645 604 1705 enrrit
626 1645 742 1704 derisor
762 1643 883 1703 Anubis.

200 1725 256 1786 ille
278 1729 352 1807 petit
372 1730 502 1806 veniam,
527 1730 641 1808 quoties
663 1741 721 1789 non
744 1728 869 1788 abstinet
891 1741 966 1787 uxor
1144 1729 1196 1789 tlt

202 1807 366 1871 Concubitu
387 1813 480 1872 saeris
502 1811 752 1892 observandisque
778 1810 891 1888 diebus,

200 1892 365 1973 lilagnaque
387 1895 511 1954 debetur
530 1896 641 1956 violato
665 1913 761 1975 poena
784 1895 921 1970 eaduroo,

202 1975 239 2038 m
261 1979 389 2038 movisse
413 1988 501 2056 eaput
522 1982 586 2041 visa
609 1988 655 2039 est
675 1987 814 2057 argentea
837 1991 974 2058 serpens;

201 2059 281 2122 illins
306 2061 442 2123 laerimne
463 2062 658 2141 meditataque
682 2079 824 2124 mtrrmura
841 2069 1000 2141 praestant,

202 2143 239 2206 Ut
261 2145 375 2205 veniam
398 2145 502 2224 eulpae
525 2161 583 2206 non
607 2146 728 2225 abnuat,
755 2164 860 2208 ansere
882 2158 987 2223 magno
1146 2153 1198 2209 540

88 2243 89 2248 ’
202 2228 324 2292 Seilieet
346 2236 376 2289 et
393 2231 474 2289 tenui
496 2243 612 2309 popano
634 2240 807 2310 eorruptusp
831 2227 934 2290 Osiris.

203 2312 298 2387 Quum
318 2311 397 2374 dedit
419 2313 471 2374 ille
494 2315 605 2377 losum:
634 2314 759 2395 eophino
783 2314 932 2393 ioenoque
954 2312 1070 2388 relioto,

202 2396 347 2458 Aroanam
368 2395 474 2460 Iudaea
495 2407 623 2460 tremens
644 2400 790 2461 mendioat
810 2399 839 2458 in
861 2415 969 2473 aurem,

202 2481 351 2561 interpres
374 2483 472 2561 legum
495 2484 677 2559 Solymarum
702 2492 731 2542 ot
753 2498 856 2560 magna
874 2479 1014 2542 sacerdot

202 2564 327 2626 Arboris
349 2582 385 2626 aa
409 2568 509 2626 summi
532 2568 589 2628 lida
614 2567 787 2628 internuntia
811 2564 898 2627 eoeli.
1144 2569 1197 2628 tas

203 2646 309 2726 Implet
331 2657 361 2707 et
382 2649 432 2710 illa
454 2667 584 2725 monum,
606 2652 660 2710 sed
682 2651 814 2729 parcium
836 2650 1026 2710 aereminuto

204 2729 432 2810 Qualiaoumque
452 2732 537 2792 voles
560 2731 659 2794 ludaei
679 2734 788 2794 somnia
811 2733 947 2794 vendunt.

203 2812 336 2891 Spondet
360 2823 516 2876 amatorem
540 2824 671 2877 tenerum
692 2817 741 2877 vel
764 2817 860 2878 divitis
883 2816 947 2877 oriri

204 2895 420 2958 Testamentum
441 2901 560 2977 inpono,
585 2901 697 2962 calidae
722 2901 858 2981 pulmone
881 2900 1033 2962 oolumhae

204 2981 357 3061 Traotato,
381 2983 534 3044 Armenius
555 2985 604 3046 vel
628 2984 838 3064 Commagenus
863 2985 1027 3065 hamspex3
1141 2995 1195 3050 550

203 3065 329 3126 Peetora
352 3067 496 3146 pullorum
517 3069 680 3148 rimabitur,
703 3079 771 3130 enta
791 3070 900 3146 catelli,

203 3149 351 3211 Interdum
373 3160 403 3212 et
426 3154 523 3230 pueri;
547 3153 651 3230 iaeiet,
678 3155 757 3233 quod
778 3154 893 3214 deierat
916 3156 991 3234 ipse.

205 3229 361 3295 (liraldaels
383 3237 437 3296 sed
457 3238 551 3298 maior
572 3241 627 3299 erit
648 3237 768 3299 fidutia:
792 3237 930 3317 quidquid

206 3317 320 3378 Dixerit
341 3320 525 3400 astrologus,
552 3321 673 3382 eredent
695 3341 711 3382 a
733 3323 815 3383 ionte
835 3323 958 3383 relatum

205 3399 385 3480 Hammonis,
410 3407 544 3484 quoniam
565 3405 688 3484 Delphis
712 3407 831 3468 oracula
854 3415 969 3468 oessant
1143 3413 1191 3468 tot

206 3481 243 3543 m
264 3503 357 3561 genus
378 3487 529 3550 humanum
552 3489 665 3551 damnat
687 3489 783 3568 caligo
808 3491 903 3552 iuturi.
