2552 4028
104 270 108 276 .
174 219 216 282 48
502 229 537 274 u.
556 225 626 274 run.
643 224 829 273 ruvuunnrs

175 369 232 445 Qui
253 367 337 427 loeus
357 364 491 443 ingenio,
514 363 568 422 nisi
591 380 676 442 qutun
699 380 732 422 se
753 363 880 422 carmine
899 362 965 422 solo

173 452 290 512 Vexant
312 458 342 510 et
363 449 484 509 dominis
508 443 629 507 Cirrhae
650 445 807 525 Nysaeque
830 446 960 507 iemutur
1007 449 1009 454 '

173 536 299 597 Pectora
321 541 436 609 vestra,
460 532 530 593 duas
552 547 609 590 non
633 531 809 590 admittentia
832 527 938 590 ouras?
1134 542 1174 596 65

173 619 298 696 Magnae
319 617 422 677 mentis
443 632 516 695 opus
538 632 594 674 neo
616 613 652 673 de
675 613 772 673 lodioe
794 614 921 692 paranda

173 703 339 778 Attonitae,
363 717 463 762 ourrus
487 708 515 759 et
537 715 630 777 equos
650 697 801 777 faciesque
823 699 943 758 deorum

173 786 320 865 Aspioere
356 794 385 845 et
407 784 500 863 qualis
521 782 655 842 Rutulum
677 781 834 841 ooniundat
855 780 971 857 lirinus.

172 868 246 930 Nam
270 870 295 928 ei
315 867 447 947 Vergilio
469 885 542 947 puer
563 875 593 927 et
609 865 765 926 tolerabile
788 866 908 926 deesset

173 953 351 1033 Hospitium,
375 953 515 1012 oaderent
537 968 638 1012 omnes
660 967 677 1010 a
702 949 827 1020 orinibus
849 949 934 1024 hydri
941 970 948 1018 ;
1135 961 1175 1016 70

174 1038 268 1099 Surda
290 1035 360 1095 nihil
382 1044 515 1113 gemeret
531 1053 622 1114 grave
642 1033 780 1102 buooina;
804 1034 968 1112 posuimus,
992 1041 1023 1095 ut
1046 1034 1084 1094 sit

173 1120 240 1181 Non
261 1122 354 1179 minor
375 1119 491 1197 antiquo
514 1119 667 1178 Rubrenus
688 1116 789 1196 Lappa
812 1116 964 1192 oothurno,

175 1202 264 1265 Cuius
287 1211 316 1263 et
338 1201 472 1262 alveolos
496 1211 527 1262 et
548 1201 661 1261 laenam
680 1201 814 1280 pignerat
835 1197 966 1260 Atreus?

173 1287 241 1349 Non
262 1285 351 1346 habal
373 1285 476 1346 infelix
496 1283 644 1361 Numitor,
668 1284 748 1364 quod
769 1286 861 1345 mittat
882 1286 996 1344 amioo:

175 1369 334 1447 Quintillae
353 1370 432 1448 quod
454 1369 558 1446 donet,
581 1368 686 1434 hahet:
710 1387 766 1432 neo
788 1368 879 1429 defuit
897 1368 949 1444 illi,
1138 1377 1173 1436 75

175 1455 258 1517 Unde
282 1462 393 1514 emeret
411 1452 498 1515 multa
522 1454 700 1532 pasoendurn
722 1471 809 1513 earne
830 1452 947 1513 leonem

174 1539 233 1601 lam
256 1537 409 1598 domitum:
431 1547 545 1598 constat
565 1537 670 1598 leviori
692 1536 790 1597 bellua
814 1545 927 1616 sumptu

173 1622 328 1699 Nimirum,
352 1631 382 1683 et
402 1623 518 1700 capiunt
537 1621 602 1700 plus
623 1622 758 1681 intestina
780 1629 898 1699 poetae.

177 1706 336 1768 Contentus
359 1705 434 1766 lama
456 1708 552 1767 iaoeat
573 1704 704 1766 Luoanus
727 1705 755 1765 in
776 1704 869 1765 hortis

176 1791 363 1851 Marmoreis:
387 1798 417 1849 at
436 1790 563 1850 Serrano
584 1791 721 1868 tenuique
742 1789 842 1849 Saleio
1139 1799 1176 1853 80

177 1873 276 1935 Gloria
298 1873 478 1954 quantalibet
500 1873 568 1953 quid
586 1875 656 1949 erit,
680 1875 706 1933 si
729 1873 825 1950 gloria
847 1879 955 1932 tanturn
976 1869 1044 1933 esti

178 1955 307 2017 Curritur
328 1957 364 2017 ad
383 1973 488 2016 vooem
510 1957 662 2017 iucundam
684 1966 713 2016 et
734 1974 852 2017 carmen
874 1957 985 2016 amioae

177 2041 364 2117 Thebaidos,
386 2039 491 2101 laetam
512 2057 598 2118 quum
618 2040 690 2100 feeit
712 2041 820 2101 Statius
842 2039 944 2099 urbem

176 2125 370 2202 Promisitqne
391 2124 480 2184 diem:
502 2133 580 2183 tauta
604 2123 758 2184 dulcedine
780 2133 884 2202 oaptos

176 2207 279 2268 Altioit
300 2208 350 2269 ille
373 2208 500 2284 animos,
522 2216 658 2287 tantaque
681 2208 800 2268 libidine
821 2207 901 2284 vulgi
1135 2217 1173 2272 85

177 2291 314 2361 Auditum
338 2292 390 2352 sed
413 2309 499 2370 quum
521 2291 610 2370 fregit
632 2292 773 2354 subsellia
793 2308 892 2367 versu,

177 2375 294 2453 Esurit,
316 2377 452 2437 intactam
472 2376 567 2438 Paridi
589 2379 643 2437 nisi
664 2376 763 2437 vendit
783 2375 916 2454 Agaven.

177 2459 232 2522 llle
255 2470 285 2520 et
303 2461 421 2522 militiae
441 2461 538 2522 multis
560 2461 681 2540 largitus
701 2461 843 2520 honorem

178 2544 340 2605 Semenstri
363 2545 470 2623 digitos
493 2554 589 2606 vatum
613 2544 794 2622 oiroumligat
817 2559 898 2604 auro.

179 2627 266 2702 Quod
287 2645 345 2687 non
367 2630 434 2689 dant
456 2645 616 2706 proceres,
638 2627 716 2688 dabit
736 2627 855 2688 histrio:
876 2636 906 2687 tu
926 2623 1097 2689 camerinos
1136 2637 1175 2692 90

178 2710 215 2771 Et
236 2708 374 2787 Baream,
397 2720 427 2770 tu
446 2711 586 2770 nobilium
607 2727 709 2788 magna
731 2712 802 2770 atria
826 2708 932 2771 ouras‘l

178 2792 349 2856 l‘raefeotos
369 2794 498 2872 Pelopea
521 2793 605 2870 iacit,
631 2794 791 2855 Philomela
812 2795 952 2856 tribunos.

178 2877 260 2940 Haud
282 2887 377 2938 tamen
399 2878 531 2938 invideas
552 2879 627 2956 vati,
651 2895 735 2958 quem
758 2879 867 2959 pulpita
890 2887 1021 2957 paseunt.

180 2961 252 3036 Quis
273 2963 324 3022 tibi
339 2961 512 3037 hlaeoenas,
532 2963 595 3040 quis
620 2981 695 3023 nuno
718 2965 772 3025 erit
789 2973 837 3026 aut
858 2963 1030 3025 l’roouleius

179 3046 238 3105 Aut
258 3043 386 3106 Fabius?
408 3047 472 3125 quis
495 3042 579 3107 Cotta
601 3049 719 3125 iterum,
743 3051 807 3129 quis
828 3047 966 3109 Lentulus
986 3044 1083 3110 alter'l
1135 3055 1172 3112 ⁹5

180 3128 261 3190 Tune
280 3147 334 3208 par
355 3131 472 3207 iugenio
494 3133 631 3209 pretium
655 3143 724 3193 tuno
747 3134 816 3193 utile
838 3132 933 3193 multis

180 3213 296 3274 Pallere
318 3221 348 3274 et
369 3215 464 3275 vinum
483 3223 545 3276 toto
567 3218 683 3279 nescire
704 3215 871 3278 Decembri.

220 3295 329 3357 Vester
348 3314 437 3376 porro
458 3299 541 3361 labor
562 3300 732 3376 fecundior,
752 3301 935 3363 historiarum

179 3380 370 3458 Soriptoras‘l
392 3385 464 3463 petit
484 3385 532 3446 hio
554 3386 618 3464 plus
639 3386 781 3463 temporis
802 3396 888 3465 atque
910 3385 971 3447 olel
990 3383 1073 3466 plus3

179 3462 267 3525 Nullo
287 3468 395 3547 quippe
415 3469 502 3530 modo
523 3468 676 3530 millesima
696 3472 802 3550 pagiua
823 3472 916 3550 surgit
1119 3477 1169 3532 10⁰
