<?xml version="1.0" encoding="UTF-8"?>
<!DOCTYPE html PUBLIC "-//W3C//DTD XHTML 1.0 Transitional//EN"
    "http://www.w3.org/TR/xhtml1/DTD/xhtml1-transitional.dtd">
<html xmlns="http://www.w3.org/1999/xhtml" xml:lang="en" lang="en">
 <head>
  <title>
</title>
<meta http-equiv="Content-Type" content="text/html;charset=utf-8" />
  <meta name='ocr-system' content='tesseract 3.04.00' />
  <meta name='ocr-capabilities' content='ocr_page ocr_carea ocr_par ocr_line ocrx_word'/>
</head>
<body>
  <div class='ocr_page' id='page_1' title='image "./diuniiiuvenalis00sulpgoog_0018.png"; bbox 0 0 2552 4028; ppageno 0'>
   <div class='ocr_carea' id='block_1_1' title="bbox 504 221 1114 280">
    <p class='ocr_par' dir='ltr' id='par_1_1' title="bbox 504 221 1114 280">
     <span class='ocr_line' id='line_1_1' title="bbox 504 221 1114 280; baseline 0.015 -9"><span class='ocrx_word' id='word_1_1' title='bbox 504 221 718 274; x_wconf 69' lang='lat' dir='ltr'>Phaestum.</span> <span class='ocrx_word' id='word_1_2' title='bbox 1074 230 1114 280; x_wconf 81' lang='lat' dir='ltr'>xl</span> 
     </span>
    </p>
   </div>
   <div class='ocr_carea' id='block_1_2' title="bbox 113 367 1158 3636">
    <p class='ocr_par' dir='ltr' id='par_1_2' title="bbox 122 367 1114 610">
     <span class='ocr_line' id='line_1_2' title="bbox 123 367 1114 445; baseline 0.005 -18"><span class='ocrx_word' id='word_1_3' title='bbox 123 369 185 427; x_wconf 83' lang='lat' dir='ltr'>nadis</span> <span class='ocrx_word' id='word_1_4' title='bbox 197 368 277 427; x_wconf 83' lang='lat' dir='ltr'>cultor</span> <span class='ocrx_word' id='word_1_5' title='bbox 286 373 399 440; x_wconf 84' lang='lat' dir='ltr'>apparet,</span> <span class='ocrx_word' id='word_1_6' title='bbox 417 369 466 424; x_wconf 91' lang='lat' dir='ltr'>iam</span> <span class='ocrx_word' id='word_1_7' title='bbox 482 367 549 424; x_wconf 90' lang='lat' dir='ltr'>hone</span> <span class='ocrx_word' id='word_1_8' title='bbox 566 369 798 441; x_wconf 88' lang='lat' dir='ltr'>atrihuspriorihns</span> <span class='ocrx_word' id='word_1_9' title='bbox 815 386 845 426; x_wconf 88' lang='lat' dir='ltr'>eo</span> <span class='ocrx_word' id='word_1_10' title='bbox 860 372 973 445; x_wconf 81' lang='lat' dir='ltr'>longiore</span> <span class='ocrx_word' id='word_1_11' title='bbox 988 373 1114 432; x_wconf 74' lang='lat' dir='ltr'>intervallo</span> 
     </span>
     <span class='ocr_line' id='line_1_3' title="bbox 122 453 1114 529; baseline 0.004 -19"><span class='ocrx_word' id='word_1_12' title='bbox 122 455 293 526; x_wconf 74' lang='lat' dir='ltr'>adiungemus,</span> <span class='ocrx_word' id='word_1_13' title='bbox 312 467 360 526; x_wconf 90' lang='lat' dir='ltr'>quo</span> <span class='ocrx_word' id='word_1_14' title='bbox 383 453 488 509; x_wconf 87' lang='lat' dir='ltr'>castiore</span> <span class='ocrx_word' id='word_1_15' title='bbox 511 453 611 524; x_wconf 87' lang='lat' dir='ltr'>insuper</span> <span class='ocrx_word' id='word_1_16' title='bbox 633 453 717 510; x_wconf 85' lang='lat' dir='ltr'>habitu</span> <span class='ocrx_word' id='word_1_17' title='bbox 734 471 748 510; x_wconf 90' lang='lat' dir='ltr'>a</span> <span class='ocrx_word' id='word_1_18' title='bbox 769 469 848 512; x_wconf 91' lang='lat' dir='ltr'>nonae</span> <span class='ocrx_word' id='word_1_19' title='bbox 870 457 958 512; x_wconf 87' lang='lat' dir='ltr'>satirae</span> <span class='ocrx_word' id='word_1_20' title='bbox 974 457 1114 529; x_wconf 85' lang='lat' dir='ltr'>impuritate</span> 
     </span>
     <span class='ocr_line' id='line_1_4' title="bbox 122 537 288 610; baseline -0.024 -15"><span class='ocrx_word' id='word_1_21' title='bbox 122 537 288 610; x_wconf 77' lang='lat' dir='ltr'>distinguitur.</span> 
     </span>
    </p>

    <p class='ocr_par' dir='ltr' id='par_1_3' title="bbox 113 619 1158 3636">
     <span class='ocr_line' id='line_1_5' title="bbox 209 619 1113 696; baseline 0.006 -20"><span class='ocrx_word' id='word_1_22' title='bbox 209 621 276 677; x_wconf 88' lang='lat' dir='ltr'>llaec</span> <span class='ocrx_word' id='word_1_23' title='bbox 289 619 408 677; x_wconf 85' lang='lat' dir='ltr'>hactenns</span> <span class='ocrx_word' id='word_1_24' title='bbox 425 620 457 677; x_wconf 91' lang='lat' dir='ltr'>de</span> <span class='ocrx_word' id='word_1_25' title='bbox 468 622 580 677; x_wconf 85' lang='lat' dir='ltr'>uniuersa</span> <span class='ocrx_word' id='word_1_26' title='bbox 591 621 712 678; x_wconf 81' lang='lat' dir='ltr'>luvenalis</span> <span class='ocrx_word' id='word_1_27' title='bbox 721 623 770 678; x_wconf 88' lang='lat' dir='ltr'>rita</span> <span class='ocrx_word' id='word_1_28' title='bbox 781 629 806 680; x_wconf 89' lang='lat' dir='ltr'>et</span> <span class='ocrx_word' id='word_1_29' title='bbox 815 623 897 693; x_wconf 72' lang='lat' dir='ltr'>poesia</span> <span class='ocrx_word' id='word_1_30' title='bbox 909 638 941 678; x_wconf 92' lang='lat' dir='ltr'>ne</span> <span class='ocrx_word' id='word_1_31' title='bbox 951 625 1016 680; x_wconf 88' lang='lat' dir='ltr'>enim</span> <span class='ocrx_word' id='word_1_32' title='bbox 1028 625 1059 680; x_wconf 92' lang='lat' dir='ltr'>de</span> <span class='ocrx_word' id='word_1_33' title='bbox 1068 641 1113 696; x_wconf 85' lang='lat' dir='ltr'>pe-</span> 
     </span>
     <span class='ocr_line' id='line_1_6' title="bbox 122 704 1112 779; baseline 0.002 -17"><span class='ocrx_word' id='word_1_34' title='bbox 122 705 253 763; x_wconf 88' lang='lat' dir='ltr'>culiaribus</span> <span class='ocrx_word' id='word_1_35' title='bbox 269 704 321 761; x_wconf 85' lang='lat' dir='ltr'>eins</span> <span class='ocrx_word' id='word_1_36' title='bbox 336 705 376 761; x_wconf 86' lang='lat' dir='ltr'>vel</span> <span class='ocrx_word' id='word_1_37' title='bbox 391 704 520 761; x_wconf 79' lang='lat' dir='ltr'>uirtutibus</span> <span class='ocrx_word' id='word_1_38' title='bbox 529 705 568 761; x_wconf 82' lang='lat' dir='ltr'>uel</span> <span class='ocrx_word' id='word_1_39' title='bbox 577 705 703 762; x_wconf 90' lang='lat' dir='ltr'>lenociniis</span> <span class='ocrx_word' id='word_1_40' title='bbox 721 706 824 777; x_wconf 89' lang='lat' dir='ltr'>poeticis</span> <span class='ocrx_word' id='word_1_41' title='bbox 840 707 950 776; x_wconf 85' lang='lat' dir='ltr'>pluribus</span> <span class='ocrx_word' id='word_1_42' title='bbox 960 708 1112 779; x_wconf 77' lang='lat' dir='ltr'>dhpntemns</span> 
     </span>
     <span class='ocr_line' id='line_1_7' title="bbox 121 789 1111 862; baseline 0.002 -16"><span class='ocrx_word' id='word_1_43' title='bbox 121 791 248 862; x_wconf 76' lang='lat' dir='ltr'>ipsamque</span> <span class='ocrx_word' id='word_1_44' title='bbox 257 789 385 845; x_wconf 89' lang='lat' dir='ltr'>satirarum</span> <span class='ocrx_word' id='word_1_45' title='bbox 395 789 462 844; x_wconf 84' lang='grc'><strong>10111</strong></span> <span class='ocrx_word' id='word_1_46' title='bbox 473 789 595 846; x_wconf 88' lang='lat' dir='ltr'>oidoinam</span> <span class='ocrx_word' id='word_1_47' title='bbox 605 791 748 859; x_wconf 88' lang='lat' dir='ltr'>perscrutati</span> <span class='ocrx_word' id='word_1_48' title='bbox 759 796 801 846; x_wconf 90' lang='lat' dir='ltr'>aut</span> <span class='ocrx_word' id='word_1_49' title='bbox 810 790 975 847; x_wconf 76' lang='lat' dir='ltr'><strong>elocutionem</strong></span> <span class='ocrx_word' id='word_1_50' title='bbox 987 791 1018 847; x_wconf 89' lang='lat' dir='ltr'>ad</span> <span class='ocrx_word' id='word_1_51' title='bbox 1030 799 1111 848; x_wconf 91' lang='lat' dir='ltr'>orato·</span> 
     </span>
     <span class='ocr_line' id='line_1_8' title="bbox 121 873 1110 949; baseline 0.001 -19"><span class='ocrx_word' id='word_1_52' title='bbox 121 873 186 930; x_wconf 87' lang='lat' dir='ltr'>riom</span> <span class='ocrx_word' id='word_1_53' title='bbox 197 879 328 946; x_wconf 77' lang='lat' dir='ltr'>argenteae</span> <span class='ocrx_word' id='word_1_54' title='bbox 338 873 424 928; x_wconf 91' lang='lat' dir='ltr'>aetatis</span> <span class='ocrx_word' id='word_1_55' title='bbox 432 888 505 928; x_wconf 90' lang='lat' dir='ltr'>usum</span> <span class='ocrx_word' id='word_1_56' title='bbox 518 873 692 928; x_wconf 76' lang='lat' dir='ltr'><strong>conformatam</strong></span> <span class='ocrx_word' id='word_1_57' title='bbox 701 879 858 938; x_wconf 82' lang='lat' dir='ltr'>antveterum</span> <span class='ocrx_word' id='word_1_58' title='bbox 867 881 995 947; x_wconf 84' lang='lat' dir='ltr'>poetarum</span> <span class='ocrx_word' id='word_1_59' title='bbox 1000 875 1110 949; x_wconf 85' lang='lat' dir='ltr'>Vergilii,</span> 
     </span>
     <span class='ocr_line' id='line_1_9' title="bbox 122 954 1111 1028; baseline 0.004 -16"><span class='ocrx_word' id='word_1_60' title='bbox 122 957 225 1021; x_wconf 80' lang='lat' dir='ltr'><strong>Horatii,</strong></span> <span class='ocrx_word' id='word_1_61' title='bbox 237 954 323 1024; x_wconf 84' lang='lat' dir='ltr'>Ovidii,</span> <span class='ocrx_word' id='word_1_62' title='bbox 336 955 412 1012; x_wconf 93' lang='lat' dir='ltr'>immo</span> <span class='ocrx_word' id='word_1_63' title='bbox 422 961 448 1012; x_wconf 91' lang='lat' dir='ltr'>et</span> <span class='ocrx_word' id='word_1_64' title='bbox 457 955 533 1012; x_wconf 87' lang='lat' dir='ltr'>Persii</span> <span class='ocrx_word' id='word_1_65' title='bbox 546 957 704 1012; x_wconf 87' lang='lat' dir='ltr'>imitationem</span> <span class='ocrx_word' id='word_1_66' title='bbox 716 971 861 1022; x_wconf 76' lang='lat' dir='ltr'>enarremus,</span> <span class='ocrx_word' id='word_1_67' title='bbox 873 955 1030 1028; x_wconf 83' lang='lat' dir='ltr'>praelationis</span> <span class='ocrx_word' id='word_1_68' title='bbox 1039 958 1111 1016; x_wconf 86' lang='lat' dir='ltr'>huhu</span> 
     </span>
     <span class='ocr_line' id='line_1_10' title="bbox 122 1039 1112 1115; baseline -0.001 -17"><span class='ocrx_word' id='word_1_69' title='bbox 122 1041 221 1098; x_wconf 87' lang='lat' dir='ltr'>ratioet</span> <span class='ocrx_word' id='word_1_70' title='bbox 230 1040 318 1096; x_wconf 89' lang='lat' dir='ltr'>modus</span> <span class='ocrx_word' id='word_1_71' title='bbox 327 1047 393 1096; x_wconf 85' lang='lat' dir='ltr'>vetat</span> <span class='ocrx_word' id='word_1_72' title='bbox 403 1040 509 1112; x_wconf 85' lang='lat' dir='ltr'>satisque</span> <span class='ocrx_word' id='word_1_73' title='bbox 518 1039 655 1096; x_wconf 85' lang='lat' dir='ltr'>habendum</span> <span class='ocrx_word' id='word_1_74' title='bbox 665 1049 703 1097; x_wconf 88' lang='lat' dir='ltr'>est</span> <span class='ocrx_word' id='word_1_75' title='bbox 714 1041 818 1098; x_wconf 90' lang='lat' dir='ltr'>lectores</span> <span class='ocrx_word' id='word_1_76' title='bbox 828 1041 859 1098; x_wconf 89' lang='lat' dir='ltr'>ad</span> <span class='ocrx_word' id='word_1_77' title='bbox 869 1056 898 1097; x_wconf 82' lang='lat' dir='ltr'>aa</span> <span class='ocrx_word' id='word_1_78' title='bbox 908 1043 1037 1106; x_wconf 90' lang='lat' dir='ltr'>remisisse,</span> <span class='ocrx_word' id='word_1_79' title='bbox 1050 1058 1112 1115; x_wconf 86' lang='lat' dir='ltr'>quae</span> 
     </span>
     <span class='ocr_line' id='line_1_11' title="bbox 122 1123 1109 1198; baseline 0.001 -16"><span class='ocrx_word' id='word_1_80' title='bbox 122 1131 148 1182; x_wconf 88' lang='lat' dir='ltr'>et</span> <span class='ocrx_word' id='word_1_81' title='bbox 157 1123 292 1198; x_wconf 84' lang='lat' dir='ltr'>lloeniglus</span> <span class='ocrx_word' id='word_1_82' title='bbox 309 1123 367 1180; x_wconf 87' lang='lat' dir='ltr'>olim</span> <span class='ocrx_word' id='word_1_83' title='bbox 378 1125 403 1180; x_wconf 93' lang='lat' dir='ltr'>in</span> <span class='ocrx_word' id='word_1_84' title='bbox 415 1125 516 1196; x_wconf 85' lang='lat' dir='ltr'>egregia</span> <span class='ocrx_word' id='word_1_85' title='bbox 527 1126 732 1182; x_wconf 77' lang='lat' dir='ltr'>commentatione</span> <span class='ocrx_word' id='word_1_86' title='bbox 741 1124 772 1181; x_wconf 93' lang='lat' dir='ltr'>de</span> <span class='ocrx_word' id='word_1_87' title='bbox 782 1123 860 1182; x_wconf 87' lang='lat' dir='ltr'>Satira</span> <span class='ocrx_word' id='word_1_88' title='bbox 870 1125 993 1196; x_wconf 79' lang='lat' dir='ltr'>Romana,</span> <span class='ocrx_word' id='word_1_89' title='bbox 1007 1125 1109 1183; x_wconf 87' lang='lat' dir='ltr'>Oldenh.</span> 
     </span>
     <span class='ocr_line' id='line_1_12' title="bbox 122 1209 1111 1282; baseline -0.002 -14"><span class='ocrx_word' id='word_1_90' title='bbox 122 1212 156 1268; x_wconf 81' lang='grc'>17</span> <span class='ocrx_word' id='word_1_91' title='bbox 158 1213 201 1269; x_wconf 85' lang='grc'>96.</span> <span class='ocrx_word' id='word_1_92' title='bbox 219 1213 238 1269; x_wconf 86' lang='grc'><strong>8</strong></span> <span class='ocrx_word' id='word_1_93' title='bbox 252 1223 278 1280; x_wconf 81' lang='lat' dir='ltr'>p.</span> <span class='ocrx_word' id='word_1_94' title='bbox 289 1209 325 1265; x_wconf 72' lang='lat'>44</span> <span class='ocrx_word' id='word_1_95' title='bbox 335 1223 389 1281; x_wconf 90' lang='lat' dir='ltr'>sqq.</span> <span class='ocrx_word' id='word_1_96' title='bbox 402 1212 438 1268; x_wconf 75' lang='grc'>19</span> <span class='ocrx_word' id='word_1_97' title='bbox 452 1223 504 1280; x_wconf 82' lang='lat' dir='ltr'>sqq.</span> <span class='ocrx_word' id='word_1_98' title='bbox 517 1209 552 1265; x_wconf 84' lang='lat'>74</span> <span class='ocrx_word' id='word_1_99' title='bbox 564 1223 616 1282; x_wconf 86' lang='lat' dir='ltr'><strong>sqq.</strong></span> <span class='ocrx_word' id='word_1_100' title='bbox 636 1215 662 1264; x_wconf 87' lang='lat' dir='ltr'>et</span> <span class='ocrx_word' id='word_1_101' title='bbox 671 1209 787 1266; x_wconf 82' lang='lat' dir='ltr'>Nisanlus</span> <span class='ocrx_word' id='word_1_102' title='bbox 798 1210 823 1266; x_wconf 90' lang='lat' dir='ltr'>in</span> <span class='ocrx_word' id='word_1_103' title='bbox 834 1209 926 1266; x_wconf 80' lang='lat' dir='ltr'>Etudes</span> <span class='ocrx_word' id='word_1_104' title='bbox 936 1210 968 1265; x_wconf 87' lang='lat' dir='ltr'>dc</span> <span class='ocrx_word' id='word_1_105' title='bbox 977 1225 1075 1266; x_wconf 89' lang='lat' dir='ltr'>moeurs</span> <span class='ocrx_word' id='word_1_106' title='bbox 1086 1218 1111 1266; x_wconf 89' lang='lat' dir='ltr'>et</span> 
     </span>
     <span class='ocr_line' id='line_1_13' title="bbox 121 1292 1105 1366; baseline 0.001 -17"><span class='ocrx_word' id='word_1_107' title='bbox 121 1293 153 1350; x_wconf 88' lang='lat' dir='ltr'>de</span> <span class='ocrx_word' id='word_1_108' title='bbox 164 1292 266 1366; x_wconf 89' lang='lat' dir='ltr'>critique</span> <span class='ocrx_word' id='word_1_109' title='bbox 277 1307 319 1348; x_wconf 94' lang='lat' dir='ltr'>sur</span> <span class='ocrx_word' id='word_1_110' title='bbox 327 1293 363 1348; x_wconf 90' lang='lat' dir='ltr'>les</span> <span class='ocrx_word' id='word_1_111' title='bbox 372 1297 458 1364; x_wconf 85' lang='lat' dir='ltr'>poetes</span> <span class='ocrx_word' id='word_1_112' title='bbox 472 1292 544 1348; x_wconf 89' lang='lat' dir='ltr'>latins</span> <span class='ocrx_word' id='word_1_113' title='bbox 561 1293 592 1348; x_wconf 93' lang='lat' dir='ltr'>de</span> <span class='ocrx_word' id='word_1_114' title='bbox 599 1294 623 1349; x_wconf 89' lang='lat' dir='ltr'>la</span> <span class='ocrx_word' id='word_1_115' title='bbox 634 1293 783 1359; x_wconf 78' lang='lat' dir='ltr'>decadence,</span> <span class='ocrx_word' id='word_1_116' title='bbox 800 1293 1025 1358; x_wconf 75' lang='grc'><strong>1111111111.</strong></span> <span class='ocrx_word' id='word_1_117' title='bbox 1040 1294 1066 1350; x_wconf 82' lang='grc' dir='ltr'>Τ.</span> <span class='ocrx_word' id='word_1_118' title='bbox 1078 1295 1105 1356; x_wconf 84' lang='grc'>11</span> 
     </span>
     <span class='ocr_line' id='line_1_14' title="bbox 120 1376 1109 1450; baseline 0.001 -16"><span class='ocrx_word' id='word_1_119' title='bbox 120 1394 146 1450; x_wconf 92' lang='lat' dir='ltr'>p.</span> <span class='ocrx_word' id='word_1_120' title='bbox 159 1381 208 1436; x_wconf 87' lang='lat'>101</span> <span class='ocrx_word' id='word_1_121' title='bbox 218 1405 255 1416; x_wconf 88' lang='lat'><em>—</em></span> <span class='ocrx_word' id='word_1_122' title='bbox 267 1377 319 1434; x_wconf 84' lang='lat'>174</span> <span class='ocrx_word' id='word_1_123' title='bbox 335 1383 360 1432; x_wconf 90' lang='lat' dir='ltr'>et</span> <span class='ocrx_word' id='word_1_124' title='bbox 377 1376 653 1450; x_wconf 84' lang='lat' dir='ltr'>novissimeBemingus</span> <span class='ocrx_word' id='word_1_125' title='bbox 670 1378 701 1434; x_wconf 90' lang='lat' dir='ltr'>de</span> <span class='ocrx_word' id='word_1_126' title='bbox 717 1378 784 1436; x_wconf 91' lang='lat' dir='ltr'>satir.</span> <span class='ocrx_word' id='word_1_127' title='bbox 802 1379 870 1449; x_wconf 84' lang='lat' dir='ltr'>poesi</span> <span class='ocrx_word' id='word_1_128' title='bbox 884 1377 916 1444; x_wconf 80' lang='lat' dir='ltr'>Q.</span> <span class='ocrx_word' id='word_1_129' title='bbox 928 1378 1020 1434; x_wconf 79' lang='lat' dir='ltr'>Horatii</span> <span class='ocrx_word' id='word_1_130' title='bbox 1030 1377 1109 1435; x_wconf 84' lang='lat' dir='ltr'>Flacci</span> 
     </span>
     <span class='ocr_line' id='line_1_15' title="bbox 120 1459 1108 1534; baseline 0 -16"><span class='ocrx_word' id='word_1_131' title='bbox 120 1462 208 1518; x_wconf 86' lang='lat' dir='ltr'>colata</span> <span class='ocrx_word' id='word_1_132' title='bbox 227 1475 284 1518; x_wconf 90' lang='lat' dir='ltr'>oum</span> <span class='ocrx_word' id='word_1_133' title='bbox 299 1459 330 1516; x_wconf 86' lang='grc'>[1.</span> <span class='ocrx_word' id='word_1_134' title='bbox 348 1460 400 1517; x_wconf 87' lang='lat' dir='ltr'>lun.</span> <span class='ocrx_word' id='word_1_135' title='bbox 418 1461 470 1520; x_wconf 86' lang='lat' dir='ltr'>lov.</span> <span class='ocrx_word' id='word_1_136' title='bbox 488 1460 665 1534; x_wconf 84' lang='lat' dir='ltr'>Rechliughusi</span> <span class='ocrx_word' id='word_1_137' title='bbox 679 1465 747 1520; x_wconf 73' lang='lat'>1843</span> <span class='ocrx_word' id='word_1_138' title='bbox 762 1461 841 1534; x_wconf 91' lang='lat' dir='ltr'>deque</span> <span class='ocrx_word' id='word_1_139' title='bbox 858 1462 944 1518; x_wconf 88' lang='lat' dir='ltr'>eodem</span> <span class='ocrx_word' id='word_1_140' title='bbox 963 1471 1108 1534; x_wconf 86' lang='lat' dir='ltr'>argumento</span> 
     </span>
     <span class='ocr_line' id='line_1_16' title="bbox 119 1544 1108 1618; baseline 0 -17"><span class='ocrx_word' id='word_1_141' title='bbox 119 1545 253 1603; x_wconf 86' lang='lat' dir='ltr'>leeherns</span> <span class='ocrx_word' id='word_1_142' title='bbox 262 1545 288 1601; x_wconf 92' lang='lat' dir='ltr'>in</span> <span class='ocrx_word' id='word_1_143' title='bbox 300 1544 362 1602; x_wconf 85' lang='lat' dir='ltr'>llus</span> <span class='ocrx_word' id='word_1_144' title='bbox 379 1546 489 1618; x_wconf 81' lang='lat' dir='ltr'>magistr.</span> <span class='ocrx_word' id='word_1_145' title='bbox 501 1545 580 1602; x_wconf 85' lang='lat' dir='ltr'>Rheu.</span> <span class='ocrx_word' id='word_1_146' title='bbox 591 1545 773 1616; x_wconf 85' lang='lat' dir='ltr'>Guestphal.·T.</span> <span class='ocrx_word' id='word_1_147' title='bbox 785 1545 823 1602; x_wconf 88' lang='lat' dir='ltr'>lV.</span> <span class='ocrx_word' id='word_1_148' title='bbox 834 1562 860 1616; x_wconf 84' lang='lat' dir='ltr'>p.</span> <span class='ocrx_word' id='word_1_149' title='bbox 875 1546 1108 1604; x_wconf 78' lang='grc'><strong>17-7011111</strong></span> 
     </span>
     <span class='ocr_line' id='line_1_17' title="bbox 119 1629 1158 1702; baseline 0 -16"><span class='ocrx_word' id='word_1_150' title='bbox 119 1645 172 1686; x_wconf 86' lang='lat' dir='ltr'>nem</span> <span class='ocrx_word' id='word_1_151' title='bbox 188 1630 354 1693; x_wconf 74' lang='lat' dir='ltr'>contulerunta</span> <span class='ocrx_word' id='word_1_152' title='bbox 370 1645 445 1684; x_wconf 93' lang='lat' dir='ltr'>unum</span> <span class='ocrx_word' id='word_1_153' title='bbox 461 1629 520 1684; x_wconf 90' lang='lat' dir='ltr'>illud</span> <span class='ocrx_word' id='word_1_154' title='bbox 534 1629 583 1684; x_wconf 89' lang='lat' dir='ltr'>iam</span> <span class='ocrx_word' id='word_1_155' title='bbox 599 1630 751 1702; x_wconf 85' lang='lat' dir='ltr'>singularum</span> <span class='ocrx_word' id='word_1_156' title='bbox 766 1629 892 1686; x_wconf 85' lang='lat' dir='ltr'>satirarum</span> <span class='ocrx_word' id='word_1_157' title='bbox 909 1636 1052 1702; x_wconf 87' lang='lat' dir='ltr'>argumenta</span> <span class='ocrx_word' id='word_1_158' title='bbox 1063 1645 1107 1700; x_wconf 92' lang='lat' dir='ltr'>per</span> <span class='ocrx_word' id='word_1_159' title='bbox 1153 1655 1158 1666; x_wconf 89' lang='lat'><strong>·</strong></span> 
     </span>
     <span class='ocr_line' id='line_1_18' title="bbox 120 1712 1105 1787; baseline 0 -19"><span class='ocrx_word' id='word_1_160' title='bbox 120 1714 226 1787; x_wconf 89' lang='lat' dir='ltr'>quinque</span> <span class='ocrx_word' id='word_1_161' title='bbox 240 1713 316 1768; x_wconf 89' lang='lat' dir='ltr'>libros</span> <span class='ocrx_word' id='word_1_162' title='bbox 334 1713 485 1782; x_wconf 88' lang='lat' dir='ltr'>persecuturi</span> <span class='ocrx_word' id='word_1_163' title='bbox 503 1726 646 1780; x_wconf 78' lang='lat' dir='ltr'>monemus,</span> <span class='ocrx_word' id='word_1_164' title='bbox 665 1712 810 1770; x_wconf 87' lang='lat' dir='ltr'>rhetoricam</span> <span class='ocrx_word' id='word_1_165' title='bbox 826 1712 930 1769; x_wconf 90' lang='lat' dir='ltr'>hominis</span> <span class='ocrx_word' id='word_1_166' title='bbox 946 1713 1105 1783; x_wconf 86' lang='lat' dir='ltr'>disciplinam,</span> 
     </span>
     <span class='ocr_line' id='line_1_19' title="bbox 119 1795 1107 1870; baseline 0.001 -17"><span class='ocrx_word' id='word_1_167' title='bbox 119 1811 233 1870; x_wconf 91' lang='lat' dir='ltr'>quamne</span> <span class='ocrx_word' id='word_1_168' title='bbox 243 1795 489 1851; x_wconf 86' lang='lat' dir='ltr'>invehementissimo</span> <span class='ocrx_word' id='word_1_169' title='bbox 499 1796 597 1868; x_wconf 90' lang='lat' dir='ltr'>quidem</span> <span class='ocrx_word' id='word_1_170' title='bbox 607 1795 698 1868; x_wconf 86' lang='lat' dir='ltr'>poetici</span> <span class='ocrx_word' id='word_1_171' title='bbox 709 1797 801 1854; x_wconf 89' lang='lat' dir='ltr'>ardoris</span> <span class='ocrx_word' id='word_1_172' title='bbox 811 1797 904 1868; x_wconf 89' lang='lat' dir='ltr'>impetu</span> <span class='ocrx_word' id='word_1_173' title='bbox 920 1802 963 1854; x_wconf 90' lang='lat' dir='ltr'>aut</span> <span class='ocrx_word' id='word_1_174' title='bbox 973 1796 1054 1852; x_wconf 90' lang='lat' dir='ltr'>abiicit</span> <span class='ocrx_word' id='word_1_175' title='bbox 1065 1804 1107 1854; x_wconf 90' lang='lat' dir='ltr'>aut</span> 
     </span>
     <span class='ocr_line' id='line_1_20' title="bbox 119 1879 1105 1954; baseline -0.002 -16"><span class='ocrx_word' id='word_1_176' title='bbox 119 1881 267 1947; x_wconf 83' lang='lat' dir='ltr'>dissimulat,</span> <span class='ocrx_word' id='word_1_177' title='bbox 285 1880 404 1951; x_wconf 81' lang='lat' dir='ltr'>imprimis</span> <span class='ocrx_word' id='word_1_178' title='bbox 422 1879 495 1936; x_wconf 78' lang='lat' dir='ltr'>edam</span> <span class='ocrx_word' id='word_1_179' title='bbox 512 1880 561 1936; x_wconf 92' lang='lat' dir='ltr'>hoc</span> <span class='ocrx_word' id='word_1_180' title='bbox 570 1879 672 1938; x_wconf 76' lang='lat' dir='ltr'>mincio</span> <span class='ocrx_word' id='word_1_181' title='bbox 683 1881 789 1947; x_wconf 78' lang='lat' dir='ltr'>nemori,</span> <span class='ocrx_word' id='word_1_182' title='bbox 804 1881 869 1954; x_wconf 93' lang='lat' dir='ltr'>quod</span> <span class='ocrx_word' id='word_1_183' title='bbox 879 1881 1008 1954; x_wconf 88' lang='lat' dir='ltr'>pleraeque</span> <span class='ocrx_word' id='word_1_184' title='bbox 1017 1881 1105 1938; x_wconf 88' lang='lat' dir='ltr'>satirae</span> 
     </span>
     <span class='ocr_line' id='line_1_21' title="bbox 118 1963 1101 2038; baseline 0.002 -18"><span class='ocrx_word' id='word_1_185' title='bbox 118 1965 144 2020; x_wconf 95' lang='lat' dir='ltr'>in</span> <span class='ocrx_word' id='word_1_186' title='bbox 154 1979 249 2022; x_wconf 88' lang='lat' dir='ltr'>summa</span> <span class='ocrx_word' id='word_1_187' title='bbox 264 1963 382 2022; x_wconf 85' lang='lat' dir='ltr'>libertatis</span> <span class='ocrx_word' id='word_1_188' title='bbox 393 1964 475 2036; x_wconf 88' lang='lat' dir='ltr'>specie</span> <span class='ocrx_word' id='word_1_189' title='bbox 491 1965 521 2020; x_wconf 91' lang='lat' dir='ltr'>ad</span> <span class='ocrx_word' id='word_1_190' title='bbox 537 1971 618 2022; x_wconf 79' lang='grc'><strong>011111</strong></span> <span class='ocrx_word' id='word_1_191' title='bbox 627 1965 791 2038; x_wconf 87' lang='lat' dir='ltr'>dispositionis</span> <span class='ocrx_word' id='word_1_192' title='bbox 801 1967 904 2022; x_wconf 82' lang='lat' dir='ltr'>sormam</span> <span class='ocrx_word' id='word_1_193' title='bbox 921 1971 1049 2038; x_wconf 90' lang='lat' dir='ltr'>partesque</span> <span class='ocrx_word' id='word_1_194' title='bbox 1058 1982 1101 2022; x_wconf 91' lang='lat' dir='ltr'>nu·</span> 
     </span>
     <span class='ocr_line' id='line_1_22' title="bbox 117 2049 1100 2123; baseline -0.002 -17"><span class='ocrx_word' id='word_1_195' title='bbox 117 2065 185 2106; x_wconf 92' lang='lat' dir='ltr'>mero</span> <span class='ocrx_word' id='word_1_196' title='bbox 196 2049 306 2105; x_wconf 86' lang='lat' dir='ltr'>definitas</span> <span class='ocrx_word' id='word_1_197' title='bbox 316 2049 451 2121; x_wconf 77' lang='lat' dir='ltr'>descriptae</span> <span class='ocrx_word' id='word_1_198' title='bbox 461 2053 530 2115; x_wconf 84' lang='grc'><strong>1111,</strong></span> <span class='ocrx_word' id='word_1_199' title='bbox 542 2066 644 2123; x_wconf 79' lang='lat' dir='ltr'>quarum</span> <span class='ocrx_word' id='word_1_200' title='bbox 656 2058 769 2108; x_wconf 87' lang='lat' dir='ltr'>accurata</span> <span class='ocrx_word' id='word_1_201' title='bbox 783 2051 964 2116; x_wconf 81' lang='lat' dir='ltr'>observatione,</span> <span class='ocrx_word' id='word_1_202' title='bbox 977 2049 1050 2104; x_wconf 89' lang='lat' dir='ltr'>etiam</span> <span class='ocrx_word' id='word_1_203' title='bbox 1061 2049 1100 2105; x_wconf 81' lang='lat' dir='ltr'>uli</span> 
     </span>
     <span class='ocr_line' id='line_1_23' title="bbox 117 2133 1102 2207; baseline -0.002 -18"><span class='ocrx_word' id='word_1_204' title='bbox 117 2133 393 2207; x_wconf 85' lang='lat' dir='ltr'>longissimcexspatiari</span> <span class='ocrx_word' id='word_1_205' title='bbox 400 2133 502 2201; x_wconf 84' lang='lat' dir='ltr'>videtur,</span> <span class='ocrx_word' id='word_1_206' title='bbox 512 2139 593 2190; x_wconf 73' lang='lat' dir='ltr'>minen</span> <span class='ocrx_word' id='word_1_207' title='bbox 602 2149 699 2207; x_wconf 91' lang='lat' dir='ltr'>semper</span> <span class='ocrx_word' id='word_1_208' title='bbox 707 2135 774 2192; x_wconf 80' lang='lat' dir='ltr'>velut</span> <span class='ocrx_word' id='word_1_209' title='bbox 783 2142 870 2205; x_wconf 89' lang='lat' dir='ltr'>sponte</span> <span class='ocrx_word' id='word_1_210' title='bbox 878 2150 923 2190; x_wconf 89' lang='lat' dir='ltr'>sua</span> <span class='ocrx_word' id='word_1_211' title='bbox 933 2133 1030 2188; x_wconf 77' lang='lat' dir='ltr'>maiam</span> <span class='ocrx_word' id='word_1_212' title='bbox 1040 2133 1102 2189; x_wconf 86' lang='lat' dir='ltr'>redit</span> 
     </span>
     <span class='ocr_line' id='line_1_24' title="bbox 116 2217 1102 2290; baseline 0.001 -17"><span class='ocrx_word' id='word_1_213' title='bbox 116 2233 195 2290; x_wconf 86' lang='lat' dir='ltr'>neque</span> <span class='ocrx_word' id='word_1_214' title='bbox 204 2233 321 2290; x_wconf 90' lang='lat' dir='ltr'>umquam</span> <span class='ocrx_word' id='word_1_215' title='bbox 327 2224 378 2274; x_wconf 82' lang='grc'><strong>1111</strong></span> <span class='ocrx_word' id='word_1_216' title='bbox 383 2218 484 2275; x_wconf 90' lang='lat' dir='ltr'>licenter</span> <span class='ocrx_word' id='word_1_217' title='bbox 490 2220 604 2288; x_wconf 81' lang='lat' dir='ltr'>excurrit,</span> <span class='ocrx_word' id='word_1_218' title='bbox 612 2225 640 2274; x_wconf 93' lang='lat' dir='ltr'>ut</span> <span class='ocrx_word' id='word_1_219' title='bbox 647 2235 695 2275; x_wconf 95' lang='lat' dir='ltr'>non</span> <span class='ocrx_word' id='word_1_220' title='bbox 701 2219 781 2276; x_wconf 86' lang='lat' dir='ltr'>omnia</span> <span class='ocrx_word' id='word_1_221' title='bbox 786 2217 903 2290; x_wconf 84' lang='lat' dir='ltr'>aequabili</span> <span class='ocrx_word' id='word_1_222' title='bbox 915 2218 1011 2274; x_wconf 86' lang='lat' dir='ltr'>interse</span> <span class='ocrx_word' id='word_1_223' title='bbox 1018 2224 1102 2274; x_wconf 87' lang='lat' dir='ltr'>tenore</span> 
     </span>
     <span class='ocr_line' id='line_1_25' title="bbox 116 2301 1144 2375; baseline -0.002 -17"><span class='ocrx_word' id='word_1_224' title='bbox 116 2303 256 2374; x_wconf 91' lang='lat' dir='ltr'>iungantur.</span> <span class='ocrx_word' id='word_1_225' title='bbox 285 2301 351 2357; x_wconf 90' lang='lat' dir='ltr'>lutra</span> <span class='ocrx_word' id='word_1_226' title='bbox 366 2303 475 2375; x_wconf 90' lang='lat' dir='ltr'>singulas</span> <span class='ocrx_word' id='word_1_227' title='bbox 490 2303 564 2359; x_wconf 93' lang='lat' dir='ltr'>modo</span> <span class='ocrx_word' id='word_1_228' title='bbox 576 2311 658 2374; x_wconf 89' lang='lat' dir='ltr'>partes</span> <span class='ocrx_word' id='word_1_229' title='bbox 673 2303 722 2360; x_wconf 83' lang='lat' dir='ltr'>hoc</span> <span class='ocrx_word' id='word_1_230' title='bbox 731 2302 777 2360; x_wconf 88' lang='lat' dir='ltr'>sihi</span> <span class='ocrx_word' id='word_1_231' title='bbox 787 2302 913 2375; x_wconf 81' lang='lat' dir='ltr'>indulget,</span> <span class='ocrx_word' id='word_1_232' title='bbox 925 2308 952 2357; x_wconf 90' lang='lat' dir='ltr'>ut</span> <span class='ocrx_word' id='word_1_233' title='bbox 964 2302 1040 2358; x_wconf 92' lang='lat' dir='ltr'>semel</span> <span class='ocrx_word' id='word_1_234' title='bbox 1050 2316 1101 2356; x_wconf 90' lang='lat' dir='ltr'>rem</span> <span class='ocrx_word' id='word_1_235' title='bbox 1142 2325 1144 2332; x_wconf 55' lang='lat'>&gt;</span> 
     </span>
     <span class='ocr_line' id='line_1_26' title="bbox 116 2384 1100 2456; baseline -0.001 -15"><span class='ocrx_word' id='word_1_236' title='bbox 116 2386 206 2441; x_wconf 83' lang='lat' dir='ltr'>dixisse</span> <span class='ocrx_word' id='word_1_237' title='bbox 215 2399 265 2440; x_wconf 93' lang='lat' dir='ltr'>non</span> <span class='ocrx_word' id='word_1_238' title='bbox 276 2391 405 2440; x_wconf 84' lang='lat' dir='ltr'>contentus</span> <span class='ocrx_word' id='word_1_239' title='bbox 415 2384 518 2440; x_wconf 86' lang='lat' dir='ltr'>eandem</span> <span class='ocrx_word' id='word_1_240' title='bbox 528 2387 600 2441; x_wconf 83' lang='lat' dir='ltr'>variis</span> <span class='ocrx_word' id='word_1_241' title='bbox 609 2386 776 2456; x_wconf 84' lang='lat' dir='ltr'>uel-exemplis</span> <span class='ocrx_word' id='word_1_242' title='bbox 785 2386 823 2444; x_wconf 84' lang='lat' dir='ltr'>vel</span> <span class='ocrx_word' id='word_1_243' title='bbox 833 2385 980 2456; x_wconf 87' lang='lat' dir='ltr'>imaginihus</span> <span class='ocrx_word' id='word_1_244' title='bbox 989 2385 1100 2451; x_wconf 78' lang='lat' dir='ltr'>illustret,</span> 
     </span>
     <span class='ocr_line' id='line_1_27' title="bbox 116 2467 1101 2542; baseline 0 -18"><span class='ocrx_word' id='word_1_245' title='bbox 116 2483 239 2542; x_wconf 92' lang='lat' dir='ltr'>quumque</span> <span class='ocrx_word' id='word_1_246' title='bbox 254 2468 303 2524; x_wconf 91' lang='lat' dir='ltr'>iam</span> <span class='ocrx_word' id='word_1_247' title='bbox 323 2469 403 2524; x_wconf 89' lang='lat' dir='ltr'>omnia</span> <span class='ocrx_word' id='word_1_248' title='bbox 420 2467 559 2524; x_wconf 73' lang='lat' dir='ltr'>exhausisse</span> <span class='ocrx_word' id='word_1_249' title='bbox 569 2469 691 2536; x_wconf 78' lang='lat' dir='ltr'>videatur,</span> <span class='ocrx_word' id='word_1_250' title='bbox 710 2475 817 2524; x_wconf 82' lang='grc'><strong>11111111</strong></span> <span class='ocrx_word' id='word_1_251' title='bbox 830 2469 1101 2524; x_wconf 84' lang='lat' dir='ltr'>sententiamnouarum</span> 
     </span>
     <span class='ocr_line' id='line_1_28' title="bbox 115 2551 1101 2627; baseline -0.002 -17"><span class='ocrx_word' id='word_1_252' title='bbox 115 2554 266 2627; x_wconf 86' lang='lat' dir='ltr'>argutiarum</span> <span class='ocrx_word' id='word_1_253' title='bbox 276 2551 408 2609; x_wconf 90' lang='lat' dir='ltr'>luminihns</span> <span class='ocrx_word' id='word_1_254' title='bbox 425 2552 572 2618; x_wconf 80' lang='grc'><strong>1111111111,</strong></span> <span class='ocrx_word' id='word_1_255' title='bbox 583 2554 658 2609; x_wconf 92' lang='lat' dir='ltr'>immo</span> <span class='ocrx_word' id='word_1_256' title='bbox 669 2553 708 2609; x_wconf 87' lang='lat' dir='ltr'>vel</span> <span class='ocrx_word' id='word_1_257' title='bbox 718 2552 832 2610; x_wconf 81' lang='lat' dir='ltr'>fortuitae</span> <span class='ocrx_word' id='word_1_258' title='bbox 845 2552 974 2608; x_wconf 90' lang='lat' dir='ltr'>mentionis</span> <span class='ocrx_word' id='word_1_259' title='bbox 984 2557 1101 2624; x_wconf 91' lang='lat' dir='ltr'>opportu-</span> 
     </span>
     <span class='ocr_line' id='line_1_29' title="bbox 115 2636 1099 2712; baseline -0.001 -18"><span class='ocrx_word' id='word_1_260' title='bbox 115 2639 191 2695; x_wconf 88' lang='lat' dir='ltr'>nitate</span> <span class='ocrx_word' id='word_1_261' title='bbox 205 2639 236 2694; x_wconf 90' lang='lat' dir='ltr'>ad</span> <span class='ocrx_word' id='word_1_262' title='bbox 250 2637 368 2712; x_wconf 87' lang='lat' dir='ltr'>longioris</span> <span class='ocrx_word' id='word_1_263' title='bbox 386 2637 567 2694; x_wconf 84' lang='lat' dir='ltr'>declamationis</span> <span class='ocrx_word' id='word_1_264' title='bbox 588 2637 686 2694; x_wconf 87' lang='lat' dir='ltr'>aculeos</span> <span class='ocrx_word' id='word_1_265' title='bbox 707 2636 834 2701; x_wconf 82' lang='grc'><strong>11111111,</strong></span> <span class='ocrx_word' id='word_1_266' title='bbox 853 2652 914 2709; x_wconf 90' lang='lat' dir='ltr'>quos</span> <span class='ocrx_word' id='word_1_267' title='bbox 932 2636 1052 2694; x_wconf 85' lang='lat' dir='ltr'>interdum</span> <span class='ocrx_word' id='word_1_268' title='bbox 1070 2637 1099 2693; x_wconf 87' lang='lat' dir='ltr'>ad</span> 
     </span>
     <span class='ocr_line' id='line_1_30' title="bbox 114 2721 1099 2796; baseline -0.003 -18"><span class='ocrx_word' id='word_1_269' title='bbox 114 2722 298 2796; x_wconf 87' lang='lat' dir='ltr'>epigrammatis</span> <span class='ocrx_word' id='word_1_270' title='bbox 312 2723 413 2794; x_wconf 86' lang='lat' dir='ltr'>propius</span> <span class='ocrx_word' id='word_1_271' title='bbox 426 2733 498 2794; x_wconf 90' lang='lat' dir='ltr'>quam</span> <span class='ocrx_word' id='word_1_272' title='bbox 514 2723 545 2778; x_wconf 90' lang='lat' dir='ltr'>ad</span> <span class='ocrx_word' id='word_1_273' title='bbox 560 2723 648 2778; x_wconf 88' lang='lat' dir='ltr'>satirae</span> <span class='ocrx_word' id='word_1_274' title='bbox 658 2722 763 2778; x_wconf 90' lang='lat' dir='ltr'>indolem</span> <span class='ocrx_word' id='word_1_275' title='bbox 780 2721 896 2778; x_wconf 86' lang='lat' dir='ltr'>accedere</span> <span class='ocrx_word' id='word_1_276' title='bbox 905 2721 969 2786; x_wconf 78' lang='lat' dir='ltr'>dixia</span> <span class='ocrx_word' id='word_1_277' title='bbox 981 2722 1006 2779; x_wconf 92' lang='lat' dir='ltr'>id</span> <span class='ocrx_word' id='word_1_278' title='bbox 1017 2727 1099 2778; x_wconf 89' lang='lat' dir='ltr'>tamen</span> 
     </span>
     <span class='ocr_line' id='line_1_31' title="bbox 114 2805 1098 2877; baseline -0.002 -14"><span class='ocrx_word' id='word_1_279' title='bbox 114 2813 209 2864; x_wconf 72' lang='lat' dir='ltr'>mutum</span> <span class='ocrx_word' id='word_1_280' title='bbox 220 2805 289 2862; x_wconf 86' lang='lat' dir='ltr'>abest</span> <span class='ocrx_word' id='word_1_281' title='bbox 296 2812 324 2862; x_wconf 90' lang='lat' dir='ltr'>nt</span> <span class='ocrx_word' id='word_1_282' title='bbox 333 2805 450 2862; x_wconf 86' lang='lat' dir='ltr'>lectorem</span> <span class='ocrx_word' id='word_1_283' title='bbox 461 2806 590 2862; x_wconf 84' lang='lat' dir='ltr'>contrrrhet</span> <span class='ocrx_word' id='word_1_284' title='bbox 604 2812 629 2861; x_wconf 92' lang='lat' dir='ltr'>et</span> <span class='ocrx_word' id='word_1_285' title='bbox 639 2805 797 2877; x_wconf 84' lang='lat' dir='ltr'>depropositi</span> <span class='ocrx_word' id='word_1_286' title='bbox 807 2806 945 2877; x_wconf 82' lang='lat' dir='ltr'>argumenti</span> <span class='ocrx_word' id='word_1_287' title='bbox 962 2805 1098 2862; x_wconf 80' lang='lat' dir='ltr'>comisera-</span> 
     </span>
     <span class='ocr_line' id='line_1_32' title="bbox 114 2889 1098 2963; baseline -0.002 -17"><span class='ocrx_word' id='word_1_288' title='bbox 114 2891 182 2946; x_wconf 91' lang='lat' dir='ltr'>tionc</span> <span class='ocrx_word' id='word_1_289' title='bbox 197 2897 296 2959; x_wconf 85' lang='lat' dir='ltr'>avocet,</span> <span class='ocrx_word' id='word_1_290' title='bbox 313 2895 342 2946; x_wconf 95' lang='lat' dir='ltr'>ut</span> <span class='ocrx_word' id='word_1_291' title='bbox 358 2891 479 2963; x_wconf 87' lang='lat' dir='ltr'>paulisper</span> <span class='ocrx_word' id='word_1_292' title='bbox 494 2891 644 2963; x_wconf 86' lang='lat' dir='ltr'>requiescere</span> <span class='ocrx_word' id='word_1_293' title='bbox 659 2891 752 2946; x_wconf 87' lang='lat' dir='ltr'>iussum</span> <span class='ocrx_word' id='word_1_294' title='bbox 771 2890 837 2946; x_wconf 79' lang='grc'><strong>11111</strong></span> <span class='ocrx_word' id='word_1_295' title='bbox 855 2889 958 2962; x_wconf 81' lang='lat' dir='ltr'>integris</span> <span class='ocrx_word' id='word_1_296' title='bbox 967 2889 1058 2946; x_wconf 75' lang='lat' dir='ltr'>uiribus</span> <span class='ocrx_word' id='word_1_297' title='bbox 1068 2889 1098 2944; x_wconf 93' lang='lat' dir='ltr'>ad</span> 
     </span>
     <span class='ocr_line' id='line_1_33' title="bbox 114 2974 1098 3047; baseline -0.003 -17"><span class='ocrx_word' id='word_1_298' title='bbox 114 2974 225 3044; x_wconf 91' lang='lat' dir='ltr'>rapidum</span> <span class='ocrx_word' id='word_1_299' title='bbox 235 2975 322 3030; x_wconf 87' lang='lat' dir='ltr'>satirae</span> <span class='ocrx_word' id='word_1_300' title='bbox 331 2989 429 3032; x_wconf 89' lang='lat' dir='ltr'>cursum</span> <span class='ocrx_word' id='word_1_301' title='bbox 444 2975 637 3047; x_wconf 89' lang='lat' dir='ltr'>persequendum</span> <span class='ocrx_word' id='word_1_302' title='bbox 652 2975 760 3032; x_wconf 88' lang='lat' dir='ltr'>remittat</span> <span class='ocrx_word' id='word_1_303' title='bbox 775 2974 902 3046; x_wconf 88' lang='lat' dir='ltr'>ipsumque</span> <span class='ocrx_word' id='word_1_304' title='bbox 917 2974 983 3030; x_wconf 90' lang='lat' dir='ltr'>hunc</span> <span class='ocrx_word' id='word_1_305' title='bbox 1000 2987 1098 3028; x_wconf 88' lang='lat' dir='ltr'>cursum</span> 
     </span>
     <span class='ocr_line' id='line_1_34' title="bbox 114 3056 1097 3132; baseline 0.001 -21"><span class='ocrx_word' id='word_1_306' title='bbox 114 3071 143 3112; x_wconf 90' lang='lat' dir='ltr'>ea</span> <span class='ocrx_word' id='word_1_307' title='bbox 156 3072 238 3112; x_wconf 89' lang='lat' dir='ltr'>rerum</span> <span class='ocrx_word' id='word_1_308' title='bbox 253 3057 368 3112; x_wconf 86' lang='lat' dir='ltr'>varietate</span> <span class='ocrx_word' id='word_1_309' title='bbox 384 3059 529 3132; x_wconf 89' lang='lat' dir='ltr'>distinguat,</span> <span class='ocrx_word' id='word_1_310' title='bbox 546 3065 574 3114; x_wconf 93' lang='lat' dir='ltr'>ut</span> <span class='ocrx_word' id='word_1_311' title='bbox 585 3059 693 3131; x_wconf 88' lang='lat' dir='ltr'>quamvis</span> <span class='ocrx_word' id='word_1_312' title='bbox 708 3065 761 3114; x_wconf 91' lang='lat' dir='ltr'>arto</span> <span class='ocrx_word' id='word_1_313' title='bbox 770 3060 849 3131; x_wconf 89' lang='lat' dir='ltr'>spatio</span> <span class='ocrx_word' id='word_1_314' title='bbox 859 3058 936 3114; x_wconf 86' lang='lat' dir='ltr'>mrrlto</span> <span class='ocrx_word' id='word_1_315' title='bbox 947 3056 1015 3127; x_wconf 90' lang='lat' dir='ltr'>plura</span> <span class='ocrx_word' id='word_1_316' title='bbox 1026 3071 1097 3128; x_wconf 91' lang='lat' dir='ltr'>quam</span> 
     </span>
     <span class='ocr_line' id='line_1_35' title="bbox 113 3141 1097 3216; baseline -0.003 -18"><span class='ocrx_word' id='word_1_317' title='bbox 113 3157 158 3214; x_wconf 92' lang='lat' dir='ltr'>pro</span> <span class='ocrx_word' id='word_1_318' title='bbox 175 3141 349 3197; x_wconf 85' lang='lat' dir='ltr'>sententiarum</span> <span class='ocrx_word' id='word_1_319' title='bbox 365 3159 466 3198; x_wconf 89' lang='lat' dir='ltr'>numero</span> <span class='ocrx_word' id='word_1_320' title='bbox 482 3143 573 3216; x_wconf 73' lang='lat' dir='ltr'>legise</span> <span class='ocrx_word' id='word_1_321' title='bbox 589 3143 634 3198; x_wconf 88' lang='lat' dir='ltr'>tibi</span> <span class='ocrx_word' id='word_1_322' title='bbox 649 3143 759 3199; x_wconf 85' lang='lat' dir='ltr'>videaris.</span> <span class='ocrx_word' id='word_1_323' title='bbox 787 3143 872 3216; x_wconf 87' lang='lat' dir='ltr'>Neque</span> <span class='ocrx_word' id='word_1_324' title='bbox 889 3142 954 3198; x_wconf 92' lang='lat' dir='ltr'>enim</span> <span class='ocrx_word' id='word_1_325' title='bbox 964 3141 1097 3196; x_wconf 87' lang='lat' dir='ltr'>sententiae</span> 
     </span>
     <span class='ocr_line' id='line_1_36' title="bbox 114 3223 1096 3300; baseline -0.003 -18"><span class='ocrx_word' id='word_1_326' title='bbox 114 3231 208 3282; x_wconf 80' lang='grc'><strong>1111111</strong></span> <span class='ocrx_word' id='word_1_327' title='bbox 219 3225 263 3282; x_wconf 88' lang='lat' dir='ltr'>sed</span> <span class='ocrx_word' id='word_1_328' title='bbox 277 3225 373 3300; x_wconf 88' lang='lat' dir='ltr'>singula</span> <span class='ocrx_word' id='word_1_329' title='bbox 384 3232 502 3299; x_wconf 76' lang='lat' dir='ltr'>quotquot</span> <span class='ocrx_word' id='word_1_330' title='bbox 510 3234 566 3282; x_wconf 94' lang='lat' dir='ltr'>sunt</span> <span class='ocrx_word' id='word_1_331' title='bbox 576 3226 649 3282; x_wconf 82' lang='lat' dir='ltr'>verha</span> <span class='ocrx_word' id='word_1_332' title='bbox 657 3226 775 3284; x_wconf 90' lang='lat' dir='ltr'>luvenalis</span> <span class='ocrx_word' id='word_1_333' title='bbox 788 3227 906 3284; x_wconf 86' lang='lat' dir='ltr'>lectorem</span> <span class='ocrx_word' id='word_1_334' title='bbox 916 3224 954 3281; x_wconf 87' lang='lat' dir='ltr'>vel</span> <span class='ocrx_word' id='word_1_335' title='bbox 970 3223 1096 3280; x_wconf 87' lang='lat' dir='ltr'>advertunt</span> 
     </span>
     <span class='ocr_line' id='line_1_37' title="bbox 113 3308 1095 3382; baseline -0.001 -17"><span class='ocrx_word' id='word_1_336' title='bbox 113 3310 151 3365; x_wconf 80' lang='lat' dir='ltr'>uel</span> <span class='ocrx_word' id='word_1_337' title='bbox 162 3311 285 3366; x_wconf 82' lang='lat' dir='ltr'>advertere</span> <span class='ocrx_word' id='word_1_338' title='bbox 296 3310 397 3376; x_wconf 88' lang='lat' dir='ltr'>dehent,</span> <span class='ocrx_word' id='word_1_339' title='bbox 414 3325 446 3367; x_wconf 91' lang='lat' dir='ltr'>ne</span> <span class='ocrx_word' id='word_1_340' title='bbox 463 3311 559 3366; x_wconf 89' lang='lat' dir='ltr'>inanem</span> <span class='ocrx_word' id='word_1_341' title='bbox 573 3311 702 3382; x_wconf 85' lang='lat' dir='ltr'>strepitum</span> <span class='ocrx_word' id='word_1_342' title='bbox 712 3312 750 3367; x_wconf 87' lang='lat' dir='ltr'>uel</span> <span class='ocrx_word' id='word_1_343' title='bbox 767 3309 936 3368; x_wconf 87' lang='lat' dir='ltr'>abundantiam</span> <span class='ocrx_word' id='word_1_344' title='bbox 947 3314 1041 3382; x_wconf 85' lang='lat' dir='ltr'>arguat,</span> <span class='ocrx_word' id='word_1_345' title='bbox 1053 3308 1095 3366; x_wconf 90' lang='lat' dir='ltr'>ubi</span> 
     </span>
     <span class='ocr_line' id='line_1_38' title="bbox 113 3393 1093 3468; baseline 0 -19"><span class='ocrx_word' id='word_1_346' title='bbox 113 3394 250 3466; x_wconf 89' lang='lat' dir='ltr'>largissima</span> <span class='ocrx_word' id='word_1_347' title='bbox 260 3393 378 3450; x_wconf 89' lang='lat' dir='ltr'>acuminis</span> <span class='ocrx_word' id='word_1_348' title='bbox 388 3400 413 3449; x_wconf 90' lang='lat' dir='ltr'>et</span> <span class='ocrx_word' id='word_1_349' title='bbox 423 3395 493 3465; x_wconf 89' lang='lat' dir='ltr'>copia</span> <span class='ocrx_word' id='word_1_350' title='bbox 504 3401 530 3450; x_wconf 90' lang='lat' dir='ltr'>et</span> <span class='ocrx_word' id='word_1_351' title='bbox 541 3395 661 3468; x_wconf 88' lang='lat' dir='ltr'>elegantia</span> <span class='ocrx_word' id='word_1_352' title='bbox 672 3396 747 3460; x_wconf 86' lang='lat' dir='ltr'>latct;</span> <span class='ocrx_word' id='word_1_353' title='bbox 763 3401 838 3466; x_wconf 90' lang='lat' dir='ltr'>utque</span> <span class='ocrx_word' id='word_1_354' title='bbox 855 3400 931 3450; x_wconf 88' lang='lat' dir='ltr'>atoto</span> <span class='ocrx_word' id='word_1_355' title='bbox 948 3395 1036 3450; x_wconf 88' lang='lat' dir='ltr'>satirae</span> <span class='ocrx_word' id='word_1_356' title='bbox 1048 3407 1093 3465; x_wconf 88' lang='lat' dir='ltr'>ge·</span> 
     </span>
     <span class='ocr_line' id='line_1_39' title="bbox 113 3477 1091 3552; baseline -0.001 -19"><span class='ocrx_word' id='word_1_357' title='bbox 113 3491 185 3542; x_wconf 84' lang='lat' dir='ltr'>nere,</span> <span class='ocrx_word' id='word_1_358' title='bbox 204 3477 269 3550; x_wconf 92' lang='lat' dir='ltr'>quod</span> <span class='ocrx_word' id='word_1_359' title='bbox 279 3479 366 3535; x_wconf 90' lang='lat' dir='ltr'>merito</span> <span class='ocrx_word' id='word_1_360' title='bbox 377 3477 489 3534; x_wconf 87' lang='lat' dir='ltr'>liorau&#39;ns</span> <span class='ocrx_word' id='word_1_361' title='bbox 498 3479 604 3534; x_wconf 79' lang='lat' dir='ltr'>samsoni</span> <span class='ocrx_word' id='word_1_362' title='bbox 608 3480 712 3552; x_wconf 80' lang='lat' dir='ltr'>propius</span> <span class='ocrx_word' id='word_1_363' title='bbox 721 3477 856 3548; x_wconf 84' lang='lat' dir='ltr'>appellauit,</span> <span class='ocrx_word' id='word_1_364' title='bbox 868 3477 927 3534; x_wconf 89' lang='lat' dir='ltr'>nihil</span> <span class='ocrx_word' id='word_1_365' title='bbox 937 3477 1037 3534; x_wconf 90' lang='lat' dir='ltr'>alienius</span> <span class='ocrx_word' id='word_1_366' title='bbox 1047 3482 1091 3541; x_wconf 77' lang='lat' dir='ltr'>est,</span> 
     </span>
     <span class='ocr_line' id='line_1_40' title="bbox 114 3559 1093 3636; baseline -0.005 -18"><span class='ocrx_word' id='word_1_367' title='bbox 114 3575 186 3618; x_wconf 85' lang='lat' dir='ltr'>enam</span> <span class='ocrx_word' id='word_1_368' title='bbox 196 3567 224 3618; x_wconf 93' lang='lat' dir='ltr'>nt</span> <span class='ocrx_word' id='word_1_369' title='bbox 233 3561 348 3619; x_wconf 82' lang='lat' dir='ltr'>flosculos</span> <span class='ocrx_word' id='word_1_370' title='bbox 360 3562 399 3618; x_wconf 87' lang='lat' dir='ltr'>rel</span> <span class='ocrx_word' id='word_1_371' title='bbox 411 3562 531 3634; x_wconf 84' lang='lat' dir='ltr'>amprdlas</span> <span class='ocrx_word' id='word_1_372' title='bbox 543 3562 681 3618; x_wconf 88' lang='lat' dir='ltr'>indicendo</span> <span class='ocrx_word' id='word_1_373' title='bbox 693 3567 786 3636; x_wconf 87' lang='lat' dir='ltr'>captet,</span> <span class='ocrx_word' id='word_1_374' title='bbox 798 3561 832 3618; x_wconf 91' lang='lat' dir='ltr'>ita</span> <span class='ocrx_word' id='word_1_375' title='bbox 841 3561 905 3620; x_wconf 91' lang='lat' dir='ltr'>haud</span> <span class='ocrx_word' id='word_1_376' title='bbox 915 3561 966 3618; x_wconf 87' lang='lat' dir='ltr'>scio</span> <span class='ocrx_word' id='word_1_377' title='bbox 977 3577 1008 3616; x_wconf 89' lang='lat' dir='ltr'>an</span> <span class='ocrx_word' id='word_1_378' title='bbox 1017 3560 1042 3614; x_wconf 89' lang='lat' dir='ltr'>iu</span> <span class='ocrx_word' id='word_1_379' title='bbox 1052 3559 1093 3616; x_wconf 93' lang='lat' dir='ltr'>Iu·</span> 
     </span>
    </p>
   </div>
   <div class='ocr_carea' id='block_1_3' title="bbox 0 0 1280 4028">
    <p class='ocr_par' dir='ltr' id='par_1_4' title="bbox 0 0 1280 4028">
     <span class='ocr_line' id='line_1_41' title="bbox 0 0 1280 4028; baseline 0 4"><span class='ocrx_word' id='word_1_380' title='bbox 0 0 1280 4028; x_wconf 95' lang='lat' dir='ltr'> </span> 
     </span>
    </p>
   </div>
  </div>
 </body>
</html>
