2552 4028
500 203 625 254 SATIRA
647 205 684 252 11.

161 343 227 405 Non
247 344 311 405 tulit
333 362 371 404 ex
392 343 451 404 illis
472 353 585 404 torvum
606 341 728 404 Laronia
750 342 893 422 quendam

97 429 279 492 clamantem
301 430 406 488 toties:
429 427 478 488 uhi
500 445 575 488 nunc
596 426 646 488 lex
667 422 760 487 lulia?
783 423 913 487 dormis?

95 515 198 592 Atque
220 515 258 573 ita
279 512 448 579 subridens:
472 509 582 572 Felicia
604 519 751 589 tempora,
776 529 850 590 quae
874 521 902 570 te

95 596 230 658 Moribus
253 596 416 676 opponunt!
439 595 621 656 habentium
643 594 735 656 Roma
757 595 915 673 pudorem;

96 681 216 742 Tertius
239 699 255 740 e
279 680 365 740 coelo
388 680 494 744 cecidit
516 677 606 740 Cato!
628 679 680 740 sed
699 689 795 740 tameo
818 679 892 740 unde

94 765 180 826 llaec
203 765 292 840 emis,
315 764 426 829 hirsuto
449 766 560 843 spirant
582 763 771 843 opobalsama
792 762 870 824 collo

97 849 183 924 Quae
205 844 277 909 tibi?
298 867 335 908 ne
358 849 464 928 pudeat
486 847 628 908 dominum
649 856 811 910 monstrare
832 848 981 910 tabarnac.

98 933 186 1007 Quod
209 935 234 992 si
250 942 391 993 vexantur
411 933 514 1010 leges,
534 941 563 992 at
586 934 647 992 iure
668 933 751 992 citari

96 1017 176 1077 Ante
198 1033 299 1077 omnes
320 1016 408 1077 dehet
424 1017 588 1088 Scantmia3
624 1017 741 1094 respice
761 1017 881 1094 primum

96 1101 137 1161 Et
158 1110 290 1162 scrutare
310 1102 408 1162 viros:
430 1101 539 1162 iaciunt
562 1101 591 1160 hi
613 1101 712 1179 plura,
736 1097 878 1160 sedilios

97 1184 238 1247 Defendit
259 1199 394 1244 numerus
417 1187 591 1263 iunctaeque
615 1183 739 1244 umbone
762 1183 934 1261 phalanges.

97 1268 205 1347 Magna
226 1270 301 1329 inter
322 1269 427 1329 molles
449 1270 622 1338 concordia;
644 1286 702 1329 nou
723 1270 777 1330 erit
800 1267 888 1330 ullum

97 1351 273 1432 Exemplum
296 1354 325 1414 in
346 1363 447 1414 nostro
469 1363 525 1414 tam
546 1352 721 1416 detestabile
738 1370 820 1414 sexu.

98 1436 193 1498 Vedia
213 1454 271 1498 non
293 1437 392 1499 lambit
416 1435 546 1498 Cluviam
568 1456 624 1498 nec
645 1435 733 1498 Flora
756 1433 914 1496 Catullum:

98 1521 191 1601 Hispo
212 1521 287 1582 subit
305 1524 426 1582 iuvenes
449 1530 478 1582 ct
499 1521 601 1582 rnorho
619 1520 711 1600 pallet
732 1529 866 1598 utroque.

97 1604 244 1685 Numquid
265 1624 318 1666 nos
342 1608 454 1682 agimus
476 1624 597 1680 causas,
621 1605 717 1664 civilia
741 1606 802 1664 iura

98 1689 255 1765 Novimus,
277 1699 324 1750 aut
345 1690 406 1749 ullo
428 1691 552 1767 strepitu
574 1688 638 1749 iore
659 1697 759 1748 vestra
781 1683 949 1751 moremus?

98 1773 255 1834 Luctantur
280 1791 406 1852 paucae,
431 1771 583 1833 comedunt
597 1771 734 1851 colyphia
753 1789 881 1850 paucae:

99 1857 163 1917 Vos
187 1857 280 1918 lanam
303 1857 414 1918 trahitis
437 1857 618 1936 calathisque
642 1866 762 1935 peracta
781 1855 899 1917 refertis

98 1941 237 2018 Vellera,
260 1959 314 2002 ros
337 1943 415 2002 tenui
437 1951 627 2021 praegnatem
649 1943 770 2004 stamine
792 1941 886 2002 iusum

99 2025 249 2105 Penelope
270 2026 391 2101 melius,
414 2025 508 2088 levius
530 2028 673 2104 torquetis
695 2026 848 2100 Arachne,

99 2109 224 2170 Horrida
246 2110 333 2189 quale
356 2109 426 2171 facit
447 2110 581 2171 residens
603 2112 633 2170 in
650 2110 753 2171 codice
776 2109 884 2188 pellex.

99 2193 204 2254 Notum
228 2205 289 2270 est,
314 2213 366 2254 cur
387 2195 452 2255 solo
474 2195 590 2258 tabulas
610 2195 776 2273 impleverit
797 2193 895 2254 llister

99 2277 235 2355 biberto,
258 2279 373 2338 dederit
393 2280 477 2339 rivus
497 2297 548 2339 cru
566 2279 653 2340 multa
675 2278 802 2356 puellae.
834 2323 839 2334 .

100 2361 190 2422 Dives
212 2361 283 2438 erit,
302 2379 407 2439 magno
428 2380 504 2440 quac
526 2363 630 2422 dormit
652 2363 736 2422 tertia
757 2361 849 2422 lecto.-

101 2445 143 2505 Tu
163 2446 239 2505 nube
262 2454 349 2525 atque
371 2454 454 2505 mcc:
475 2445 581 2505 donant
602 2461 706 2506 arcana
729 2443 885 2518 cylindros.

100 2529 145 2590 De
167 2529 252 2590 nobis
272 2538 341 2608 post
361 2529 437 2590 haec
457 2529 549 2588 tristis
571 2529 714 2590 sententia
735 2527 841 2594 icrtur;

99 2613 155 2674 Dat
176 2615 290 2674 veniam
312 2615 426 2690 corvis,
447 2622 537 2674 vexat
558 2631 681 2674 censura
704 2611 863 2674 columbas.

162 2695 313 2775 Fugerunt
331 2698 438 2777 trepidi
460 2715 531 2758 vera
554 2716 589 2758 ac
609 2697 762 2759 manifesta
785 2705 936 2758 canentem

100 2781 264 2850 Stoicidac;
295 2782 363 2862 quid
387 2783 462 2842 enim
481 2781 548 2842 lalsi
569 2778 713 2842 Laronia?
737 2781 789 2842 sed
813 2781 881 2860 quid

99 2865 165 2925 Nou
186 2865 295 2926 facient
317 2866 380 2943 alii,
404 2884 489 2945 quum
510 2873 540 2926 tu
562 2866 689 2926 multicia
709 2883 820 2940 sumas,

103 2947 236 3026 Gretice‚
261 2959 289 3010 et
307 2950 381 3011 hanc
403 2959 517 3010 vestem
540 2950 651 3028 populo
672 2950 793 3010 mirante
813 2966 938 3026 perores

100 3034 133 3094 ln
153 3033 292 3095 Proculas
315 3044 343 3094 et
364 3029 518 3095 Pollittas?
548 3042 592 3094 est
614 3032 738 3094 moecha
756 3030 892 3094 Fabulla:

101 3118 274 3193 Damnem,
299 3119 323 3177 si
345 3118 405 3193 vis,
430 3119 515 3178 ctiam
538 3114 678 3182 Garlinia:
704 3117 792 3179 talem

101 3200 166 3262 llon
187 3210 282 3262 sumet
302 3201 432 3263 damnate
454 3210 561 3280 togam.
577 3231 621 3246 -·
640 3199 699 3260 Sed
722 3198 811 3259 lulius
833 3199 932 3277 ardet,

102 3284 222 3346 hestuo.
234 3321 275 3330 -
287 3283 387 3345 Nudus
397 3302 484 3363 agas:
505 3287 597 3346 minus
609 3293 654 3345 est
662 3287 772 3346 insania
794 3284 900 3362 turpis!

101 3367 144 3430 Eu
166 3369 309 3446 habitum,
331 3386 388 3449 quo
410 3378 440 3428 te
463 3369 548 3447 leges
571 3389 605 3430 ac
628 3371 692 3430 iura
712 3369 857 3430 ferentem

101 3451 275 3515 Vulneribus
297 3455 394 3514 crudis
414 3453 541 3533 populus
562 3454 650 3514 modo
670 3454 764 3513 victor
785 3461 814 3512 ct
836 3452 906 3514 illud
