2552 4028
350 234 353 240 ’
443 258 569 306 semna
591 258 637 304 vr.

79 399 262 462 Contentum
283 407 378 459 tamen
401 406 431 458 et
451 404 567 478 pactum
589 405 618 458 et
640 397 786 475 sponsalia
807 409 908 462 nostru

78 479 275 566 Tempestate
289 501 387 562 paras,
409 484 523 560 iamque
545 490 698 542 utonsore
721 483 861 562 magistro

76 570 210 634 Pectoris
235 576 265 628 et
286 567 376 646 digito
398 569 503 647 pignus
524 565 651 626 fortasse
673 565 793 628 dedisti:

80 651 184 734 [Corte
204 670 290 713 sanus
313 648 400 712 eras?
423 667 562 727 uxorem,
585 648 737 727 Postume,
760 649 875 730 ducisil

77 738 150 815 Dic,
175 755 231 817 qua
253 736 428 815 Tisiphone,
452 735 555 814 quibus
577 735 728 812 exagitare
748 733 898 796 colubris?

78 820 172 883 Ferre
194 829 281 900 potes
304 819 447 882 dominam
469 818 559 880 salvis
580 826 624 880 tot
645 818 774 880 restibus
796 818 895 895 ullam,

79 905 175 980 Quum
194 912 314 984 pateant
336 904 414 966 altae
436 904 656 982 caligantesque
680 902 839 979 fenestrae,

79 988 175 1062 Quum
196 988 249 1048 tibi
269 989 395 1050 uicinum
415 1005 450 1048 se
472 987 615 1067 praebeat
634 983 777 1048 Aemilius
799 984 896 1066 pons?

78 1073 139 1133 Aut
158 1073 183 1133 si
203 1072 241 1134 de
264 1071 360 1133 multis
383 1070 479 1133 nullus
502 1071 602 1151 placet
625 1073 736 1148 exitus,
759 1070 831 1131 illud

77 1155 183 1217 Nonne
205 1164 289 1236 putas
312 1155 433 1234 melius,
457 1155 534 1236 quod
555 1164 651 1217 tecum
673 1156 758 1234 pusio
781 1156 896 1234 dormit,

77 1241 251 1319 Puslo,‚qui
273 1250 360 1302 noctu
380 1257 438 1301 non
460 1240 571 1318 litiget,
595 1241 686 1319 exigit
709 1258 725 1300 a
746 1249 776 1300 te

77 1322 166 1387 Nulla
188 1324 288 1386 iacens
310 1324 390 1387 billis
412 1324 596 1401 munuscula,
619 1341 676 1385 nee
695 1326 841 1403 queritur,
864 1325 944 1405 quod

76 1408 117 1472 Et
139 1408 223 1470 lateri
245 1425 351 1489 parcas
372 1427 429 1470 nec
450 1418 585 1489 quantum
607 1409 691 1469 iussit
712 1406 855 1470 anbelos?

78 1492 139 1553 Sed
161 1491 260 1572 placet
281 1491 397 1554 Ursidio
419 1493 469 1554 lex
490 1492 579 1554 lolia:
605 1492 713 1554 tollere
736 1492 851 1554 dulcem

78 1574 198 1654 Cogitat
220 1576 376 1655 heredem,
401 1579 543 1638 cariturus
564 1585 675 1638 turture
697 1593 802 1655 magno

75 1659 293 1739 blullorumque
315 1659 443 1722 iubiset
465 1668 616 1738 captatore
637 1660 774 1720 macello.

76 1743 156 1818 Quid
178 1742 242 1803 lieri
265 1759 323 1803 non
345 1759 436 1823 posse
457 1751 561 1822 putes,
584 1744 610 1802 si
632 1745 759 1823 iungitur
780 1742 841 1806 nlla

74 1825 217 1890 Ursidio?
240 1828 266 1887 si
286 1827 476 1888 moechorum
496 1828 662 1888 notissimus
686 1828 754 1889 olim

77 1911 174 1973 Stulta
197 1911 322 1972 maritali
344 1911 400 1973 iarn
422 1912 547 1991 porrigit
568 1930 620 1974 ora
646 1913 786 1992 capistro,

78 1995 173 2069 Quem
195 1995 283 2056 toties
305 1996 378 2056 texit
401 1997 522 2076 perituri
544 1998 617 2060 eistu
638 1993 750 2058 Latini?

78 2077 155 2154 Quid
177 2080 256 2160 quod
280 2088 310 2140 et
330 2081 454 2159 antiquis
475 2097 551 2142 uxor
569 2081 606 2142 de
628 2080 756 2144 moribus
778 2080 821 2143 illi

77 2160 255 2237 Quaeritur?
282 2180 300 2224 o
321 2165 444 2241 medici,
468 2166 580 2226 nimiam
600 2165 766 2244 pertundite
787 2165 905 2228 renam!

75 2246 207 2308 Delicias
229 2246 364 2310 bominis!
390 2246 545 2329 Tarpeium
566 2249 653 2310 limen
675 2250 765 2312 adora

75 2327 189 2392 Pronus
212 2340 243 2392 et
262 2341 391 2394 auratam
412 2331 514 2393 lunoni
537 2333 629 2394 caede
650 2336 814 2410 iuvencam,

76 2415 109 2477 Si
133 2414 183 2474 tibi
206 2417 363 2494 contigerit
384 2417 489 2494 capitis
510 2425 641 2476 matrona
664 2417 772 2494 pudici.

75 2500 192 2561 Paucae
214 2500 290 2561 adeo
314 2497 432 2560 Generis
451 2500 537 2560 vittas
559 2501 730 2579 contingere
752 2499 868 2577 dignae,

77 2581 206 2657 Quarum
226 2599 284 2644 non
305 2583 405 2645 timeat
425 2592 511 2663 puter
532 2582 643 2644 oscula.
687 2582 782 2644 Necte
805 2600 944 2646 eoronam
1071 2653 1077 2659 ,

74 2666 213 2728 Postibus
236 2676 267 2730 et
288 2668 397 2730 densos
418 2686 473 2748 per
494 2668 590 2730 limina
613 2668 699 2729 tende
722 2667 893 2746 corymbos!

74 2750 157 2812 linos
179 2749 336 2814 lliberinue
356 2754 402 2814 vir
423 2750 551 2814 suflicit?
577 2754 659 2815 ocius
681 2753 752 2816 illud

74 2833 292 2916 Extorquebis,
316 2845 347 2897 ut
368 2836 444 2898 baec
466 2837 554 2899 oculo
575 2847 712 2900 contenta
734 2839 772 2902 sit
793 2855 861 2899 uno.

74 2917 182 2997 blegne
204 2929 299 2981 tamen
320 2919 395 2982 iama
417 2930 463 2983 est
486 2921 634 2984 cuiusdam
655 2941 722 2983 rure
745 2931 869 3001 paterno

74 3002 231 3065 Viventis?
251 3006 331 3066 vivat
355 3004 472 3080 Gabiis,
497 3013 529 3066 ut
548 3007 621 3065 vixit
642 3007 671 3067 in
692 3023 776 3083 amo,

74 3087 164 3149 Vivat
186 3087 320 3166 Fidenis,
344 3097 374 3148 et
393 3088 493 3168 agello
517 3089 591 3151 cedo
615 3099 748 3168 paterno.

77 3169 150 3245 Quis
173 3181 270 3233 tamen
291 3173 430 3251 affirmat,
453 3173 494 3234 nil
516 3184 610 3236 actum
631 3177 659 3235 in
681 3172 826 3236 montibus
847 3174 944 3235 autin

76 3255 256 3335 Speluncis?
277 3257 353 3320 adeo
376 3267 536 3319 senuerunt
559 3258 691 3338 luppiter
715 3269 745 3320 et
767 3255 866 3319 llars?

120 3339 321 3403 Porticibusne
346 3342 398 3402 tibi
417 3352 593 3405 monstratur
613 3343 719 3405 semina
741 3351 813 3403 toto
1034 3349 1070 3405 60

74 3425 173 3502 Digna
195 3423 267 3486 tuo?
291 3427 390 3488 cuneis
413 3445 449 3488 an
471 3427 580 3489 babent
602 3425 773 3508 spectacula
795 3426 865 3486 totis

76 3507 164 3584 Quod
187 3527 307 3572 securus
330 3528 425 3588 ames,
451 3511 588 3592 quodque
609 3512 676 3572 inde
698 3527 863 3590 excerpere
885 3508 1004 3590 possis?
