2552 4028
224 247 243 307 4
551 259 585 306 o.
602 259 674 306 run.
691 258 878 308 ruveuunss

224 397 309 476 lpsos
332 395 512 474 Troiugenas
536 397 617 474 (nam
638 405 745 458 vexant
766 396 852 456 limen
875 404 905 456 et
926 390 983 474 ipsi
1166 409 1214 462 loo

223 479 415 561 Nobiscum):
439 479 484 540 De
508 482 652 559 praetori,
676 480 713 541 da
735 479 841 541 deinde
861 478 990 540 tribuno!

224 563 283 626 Sed
306 564 456 625 libertinus
479 565 560 643 prior
583 573 642 624 est:
665 562 766 639 Prior,
787 565 897 642 inquit,
920 581 978 641 ego
1001 564 1116 634 adsum;

225 647 283 709 Gur
306 648 420 708 timeam
442 648 607 709 dubitemve
629 648 724 707 locum
744 647 921 724 defendere,
942 649 1071 727 quamvis

223 732 314 794 Natus
335 733 371 793 ad
392 731 581 811 Euphraten,
604 732 710 797 molles
733 732 812 811 quod
833 733 862 792 in
882 749 953 793 aure
972 732 1121 794 fenestrae

224 817 399 895 Argueriut,
423 817 493 878 licet
512 819 578 896 ipse
601 813 727 895 negem?
747 816 801 877 scd
824 817 949 895 quinque
972 815 1113 878 tabernae
1166 829 1211 882 rot

224 901 441 980 Quadringenta
463 910 579 980 parant;
603 901 671 981 quid
692 901 808 962 conicrt
828 918 957 981 purpura
979 902 1070 962 maior

225 983 406 1064 Optandum,
429 988 455 1046 si
474 985 609 1046 Laurenti
629 985 756 1048 custodit
776 987 805 1045 in
829 1000 902 1062 agro

225 1067 391 1130 Conductas
414 1067 556 1129 Corvinus
580 1087 669 1145 oves,
693 1086 750 1146 ago
773 1069 912 1147 possideo
934 1067 1000 1146 plus

224 1152 356 1213 Pallante
378 1161 407 1212 et
428 1148 606 1212 Licinisl-
626 1152 809 1231 Exspectant
831 1167 904 1229 ergo
925 1150 1046 1228 tribuni,

224 1236 347 1296 Vincunt
369 1236 503 1312 divitiae,
525 1252 611 1296 sacro
634 1253 670 1296 ue
695 1236 781 1297 cedat
802 1235 924 1312 bonori,

223 1318 325 1398 Nuper
346 1321 375 1379 in
393 1319 467 1380 banc
489 1319 589 1379 urbem
611 1319 733 1399 pedibus
757 1321 806 1398 qui
826 1329 946 1382 venerat
969 1319 1058 1381 albis:

225 1403 464 1484 Quandoquidem
483 1405 558 1464 inter
579 1422 632 1465 nos
655 1405 838 1467 sanctissima
859 1404 1020 1466 divitiarum

221 1485 377 1558 Maiestam
402 1489 457 1548 etsi
477 1487 591 1548 1333313
616 1489 741 1569 pecunia
763 1487 873 1567 templo

223 1569 356 1633 Nondum
378 1571 507 1648 babitas,
531 1570 625 1634 nullas
645 1590 823 1634 nummorum
846 1573 993 1632 ereximus
1015 1591 1096 1651 aras,

224 1655 262 1717 Ut
284 1657 389 1718 colitur
412 1658 580 1737 laxatque
603 1655 708 1732 Fides,
732 1656 878 1733 Victoria,
902 1654 1017 1732 Virtus,
1165 1669 1212 1725 115

224 1740 367 1822 Quaeque
389 1740 513 1802 salutato
537 1743 662 1821 crepitat
685 1740 851 1802 Concordia
872 1739 949 1801 nido.

287 1825 346 1885 Sed
369 1843 455 1904 quum
477 1843 601 1886 summus
624 1827 718 1886 bonor
741 1827 820 1886 linito
844 1832 992 1903 computet
1012 1841 1103 1903 anno,

223 1906 361 1986 Sportula
383 1907 452 1986 quid
473 1907 598 1986 3313331,
620 1917 754 1987 quardum
776 1907 936 1969 rationibus
959 1908 1059 1972 addat:

224 1990 299 2067 Quid
317 1991 425 2052 iacient
443 1993 580 2067 comites,
600 1993 705 2071 quibus
721 1991 788 2052 binc
804 2001 889 2069 toga,
907 1991 1026 2054 calceus
1043 1991 1110 2054 binc
1127 2007 1176 2058 est

223 2074 261 2136 Et
283 2077 365 2154 panis
388 2075 541 2152 fumusque
564 2073 662 2136 domil
685 2076 865 2138 Densissima
886 2085 1001 2138 centum
1166 2092 1215 2146 luo

224 2159 409 2234 Quadrantes
432 2157 539 2218 lectica
562 2162 649 2237 petit,
673 2161 864 2239 sequiturque
886 2162 1017 2222 maritum

225 2242 371 2321 Languida
391 2240 441 2302 rel
463 2260 607 2321 praegnas
631 2253 661 2306 et
683 2243 906 2307 circumducitur
926 2262 1010 2306 uxor.

224 2326 279 2388 llic
299 2328 371 2406 petit
393 2326 522 2405 absenti,
547 2337 616 2388 nota
637 2331 693 2390 iam
715 2328 837 2391 callidus
859 2338 940 2407 arte,

226 2411 390 2473 Ostendens
411 2429 532 2474 vacuam
554 2422 583 2474 et
606 2413 733 2477 clausam
755 2431 809 2493 pro
833 2415 959 2492 coniuge
982 2414 1094 2476 sellam.

226 2496 309 2559 Galle
330 2515 394 2558 mea
417 2505 479 2574 est,
501 2499 608 2578 iuquit,
630 2499 715 2559 citius
738 2500 861 2567 dimitte;
883 2495 1027 2559 moraris?
1167 2513 1216 2570 125

225 2581 329 2641 Proier
351 2580 434 2643 (13113
457 2583 558 2660 caput!
582 2582 642 2642 noli
660 2599 788 2655 vexare,
813 2581 954 2656 quiescet.
970 2614 1012 2626 -

226 2663 295 2742 lpse
316 2663 380 2724 dies
401 2663 525 2742 pulchro
546 2665 728 2739 distinguitur
748 2662 849 2721 ordine
870 2677 982 2720 rerum:

227 2746 381 2824 Sportula,
406 2745 510 2806 deiude
532 2747 625 2806 iorum
646 2746 776 2823 iurisque
796 2744 908 2822 peritus
929 2742 1038 2822 Apollo
1145 2757 1148 2764 ·

226 2830 324 2909 Atque
347 2828 552 2907 triumphales,
575 2830 650 2888 inter
669 2846 742 2906 quas
764 2846 852 2890 ausus
875 2828 985 2890 babere

226 2911 335 2974 Nescio
358 2913 423 2993 quis
444 2912 544 2973 titulos
565 2911 731 2991 Aegyptius
752 2921 839 2993 atque
861 2912 1064 2992 Arabarches,
1164 2932 1217 2989 1³0

228 2995 316 3058 cuius
337 2997 373 3056 ad
393 2996 522 3072 effigiem
543 3013 600 3057 nou
622 3005 729 3058 tentum
747 2999 858 3060 meiere
882 2998 926 3060 ias
949 3006 1003 3060 est.

87 3133 100 3154 ,
226 3080 386 3141 Vestibulis
408 3078 514 3141 abeunt
534 3089 653 3142 veteres
672 3080 800 3163 lassique
825 3082 946 3145 edentes

226 3165 361 3244 Votaque
384 3165 547 3242 deponunt,
570 3183 741 3247 quamquam
763 3168 931 3246 longissima
953 3186 1066 3230 coenae

227 3251 304 3329 Spes
325 3249 445 3317 bomini;
468 3249 560 3310 caulis
583 3253 698 3312 miseris
719 3262 805 3333 atque
827 3253 902 3330 ignis
924 3255 1072 3316 emendus.

229 3332 341 3411 Optima
364 3332 499 3395 silvarum
520 3335 631 3397 interca
651 3337 808 3417 pelagique
830 3339 945 3400 vorabit
1163 3351 1212 3407 135

229 3415 293 3476 Rex
314 3417 432 3496 borum,
455 3422 614 3500 vacuisque
637 3423 709 3482 toris
729 3429 835 3483 tantum
857 3425 923 3503 ipse
946 3422 1063 3486 iacebit.

228 3499 300 3561 Nem
322 3500 359 3564 de
381 3509 424 3566 tot
442 3504 571 3584 pulchris
593 3515 623 3566 et
644 3505 709 3569 latis
727 3507 847 3568 orbilius
869 3517 898 3569 et
921 3515 976 3568 tam
