2592 4022
471 268 595 317 saunas
617 269 666 317 rx.
1049 259 1089 322 63

94 408 174 469 Vela
194 415 296 486 tegant
316 408 420 484 rimas,
443 407 532 485 iunge
554 408 645 484 ostia,
663 407 757 469 tollite
776 407 882 485 lumen,
1036 421 1088 480 105

93 490 122 552 Ε
143 492 242 553 medio
266 492 332 551 iace
353 499 420 551 eant
441 508 557 569 omnes,
581 508 676 570 prope
698 508 783 553 nemo
804 493 969 555 recumbat:

95 574 184 649 ono*
206 582 302 636 tamen
325 574 361 635 ad
384 583 498 636 cantum
518 574 590 654 galli
611 575 680 638 laeit
699 575 751 636 ille
773 577 902 652 secundi,

94 659 250 720 Proximus
273 657 436 720 antediem
459 676 553 739 caupo
576 660 665 728 seiet;
688 659 786 720 audiet
807 670 838 720 et
855 679 930 739 quae

92 742 257 804 Finxeruut
272 743 383 823 pariter
404 742 555 818 librarius,
579 742 774 822 archimagiri,

94 825 269 908 carptores.
306 825 392 901 Quod
411 828 486 888 enim
506 827 641 898 dubitant¹
656 844 835 907 componere
859 829 967 890 crimen
1038 841 1088 896 llo

92 911 126 972 ln
148 911 299 988 dominos,
323 913 438 989 quoties
457 911 620 973 rumoribus
640 911 819 973 ulciscuntur

91 992 218 1056 Baltea‘l
240 1014 297 1056 nee
319 995 431 1072 deerit,
455 997 554 1074 quite
576 1013 631 1074 per
653 996 779 1075 compita
802 1006 922 1074 quaerat

91 1078 253 1140 Nolentem
276 1087 305 1139 et
326 1081 461 1140 miseram
482 1081 604 1140 vinosus
622 1079 748 1139 inebriet
773 1097 880 1140 aurem.

91 1162 167 1224 Illos
188 1179 261 1242 ergo
280 1180 386 1241 roges,
409 1163 547 1243 quidquid
566 1163 653 1243 paulo
672 1172 738 1223 ante
759 1163 880 1242 petebas

92 1245 120 1306 Α
142 1245 242 1316 nobis;
266 1255 384 1308 taceant
401 1246 460 1308 illi:
483 1247 536 1308 sed
558 1248 686 1327 prodere
709 1247 815 1307 malunt
1036 1263 1086 1316 115

92 1329 255 1407 Arearum,
280 1348 365 1410 quam
388 1330 519 1411 subrepti
541 1340 645 1410 potare
667 1329 783 1392 Falerni

92 1414 150 1477 Pro
176 1414 288 1494 populo
309 1414 421 1476 iaciens
445 1424 580 1494 quantum
604 1414 722 1475 Ssuieia
742 1413 870 1475 bibebat.

91 1497 255 1558 vivendum
281 1508 363 1559 reete
386 1506 446 1574 est,
475 1517 562 1579 quum
584 1508 707 1578 propter
727 1498 866 1576 plurima,
889 1507 947 1558 tum
969 1501 1017 1561 vel

91 1581 208 1643 idcireo
230 1591 260 1642 ut
283 1584 381 1661 possis
405 1583 531 1660 linguam
552 1591 739 1643 contemnere
764 1583 851 1642 servi.

92 1664 259 1744 Praecipue
283 1684 356 1727 eave
379 1667 435 1743 sis,
458 1675 490 1727 ut
509 1667 624 1744 linguas
644 1666 853 1743 mancipiorum
1034 1679 1085 1732 120

94 1746 287 1820 Contemnas3
313 1767 379 1812 uam
400 1750 498 1828 lingua
519 1750 587 1811 mali
606 1765 677 1828 pars
698 1750 826 1830 pessima
852 1749 944 1818 servi;

92 1831 232 1894 Deterior
252 1841 348 1895 tamen
368 1833 433 1910 bic,
456 1835 505 1912 qui
526 1833 603 1895 liber
623 1851 682 1894 non
705 1835 760 1894 erit
781 1832 849 1908 illis,

93 1914 224 1989 Quorum
247 1920 355 1980 animas
378 1926 407 1978 et
431 1918 508 1977 iarre
532 1933 584 1978 suo
610 1917 736 1978 custodit
759 1925 789 1977 et
809 1933 889 1978 aere.

137 2000 238 2078 „Utile
261 2003 413 2063 consilium
435 2002 539 2078 modo,
562 2001 615 2062 sed
642 2019 806 2078 commune,
831 1999 950 2061 dedisti:

91 2081 176 2147 Nunc
191 2085 259 2146 mibi
276 2085 344 2166 quid
359 2086 466 2146 suades
483 2094 552 2165 post
568 2087 699 2148 damnum
716 2085 856 2165 temporis
873 2093 902 2145 et
918 2102 989 2163 spes
1032 2095 1082 2149 125

91 2167 265 2249 Deceptus?
285 2169 403 2230 lestinat
421 2170 496 2230 enim
516 2171 674 2231 decumere
694 2169 784 2230 velox

90 2250 247 2314 Floseulus
270 2262 411 2332 angustae
432 2255 617 2334 miseraeque
639 2253 812 2314 brevissima
834 2254 911 2314 ritae

89 2335 205 2406 Portio;
228 2336 293 2398 dum
314 2337 456 2414 bibimus,
478 2338 544 2398 dum
567 2346 661 2414 serta,
685 2345 848 2414 unguenta,
871 2334 986 2414 puellus

88 2419 258 2496 Posuimus,
282 2419 399 2501 obrepit
420 2438 479 2481 non
495 2420 646 2482 intellecta
669 2423 841 2481 senectus.“

88 2503 133 2564 Ne
156 2505 288 2584 trepida:
310 2523 463 2584 numquam
484 2503 617 2583 pathicus
636 2502 689 2563 tibi
708 2502 802 2563 deerit
824 2503 944 2580 amicus,
1031 2513 1082 2566 loo

89 2589 236 2650 stantibus
260 2598 290 2650 et
311 2590 401 2652 salvis
421 2588 467 2649 bis
491 2587 630 2656 collibus;
655 2587 781 2666 undique
803 2589 840 2649 sd
860 2587 928 2647 illos

91 2670 272 2734 convenient
295 2683 325 2736 et
349 2671 496 2753 carpentis
519 2680 548 2734 et
569 2671 690 2733 navibus
713 2688 824 2748 omnes,

90 2755 147 2830 Qui
168 2756 259 2834 digito
278 2757 414 2838 scalpunt
436 2773 494 2818 uno
517 2765 612 2837 caput.
649 2755 750 2817 Altera
770 2757 862 2816 maior

91 2841 167 2917 Spes
187 2850 338 2920 superest:
362 2850 519 2902 tutantem
540 2841 637 2902 erucis
659 2842 790 2920 imprime
809 2840 934 2902 dentem.

91 2923 196 3000 „llaec
217 2926 353 3005 exempla
376 2944 447 3005 para
469 2925 621 2994 felicibus3
644 2933 674 2986 at
695 2942 759 2986 mea
783 2922 890 2984 clotho
1030 2931 1079 2985 13⁵

90 3005 129 3068 Et
148 3006 290 3070 Lachesis
316 3009 459 3088 gaudent,
488 3010 513 3069 si
537 3009 668 3089 pascitur
689 3010 807 3086 inguine
830 3014 944 3066 venter.

90 3088 114 3150 0
135 3093 218 3171 porri
240 3095 391 3173 nostrique
411 3093 518 3172 Lares,
544 3109 618 3172 qnos
636 3099 700 3154 turs
721 3093 829 3152 minuto

90 3173 148 3235 Aut
171 3176 250 3238 larse
277 3186 307 3238 et
327 3179 406 3238 tenui
430 3178 516 3239 soleo
539 3193 664 3238 exorare
688 3193 807 3252 corone,

90 3257 212 3333 Quando
236 3278 294 3340 eqo
316 3261 402 3341 ligem
423 3262 548 3341 aliquid,
570 3269 628 3342 qno
651 3262 689 3321 sit
708 3259 777 3320 mibi
797 3265 858 3319 tuta
881 3264 1017 3318 senectus

89 3341 237 3424 Ategete
261 3354 291 3406 et
312 3343 442 3408 baeulol
461 3347 563 3424 viginti
583 3344 661 3406 rnilia
695 3344 781 3404 lenus
1029 3347 1078 3405 lit

88 3426 260 3507 Pigneribus
284 3429 406 3510 positis,
426 3432 537 3509 argenti
558 3428 679 3492 vascula
698 3428 774 3508 puri,

90 3512 149 3573 Sed
167 3531 243 3594 quae
263 3512 413 3576 Fabricius
434 3532 541 3576 censor
561 3523 658 3591 notet,
686 3520 716 3572 et
740 3512 797 3573 dno
820 3509 914 3571 iortes
