2552 4028
491 233 699 286 rninninro.
1027 237 1091 287 nm

107 388 258 457 nv-dnr
274 384 360 442 deinde
375 385 430 457 quia
442 382 615 439 Graeculorum
626 381 774 455 aliorumque
787 382 944 439 bubammm
961 384 1012 439 soia
1029 384 1098 456 apud‘

107 477 219 544 putentes
229 477 300 543 atque
311 469 438 540 opulentos
450 467 561 523 homines
576 467 705 525 auctoritas
713 473 800 539 regnet
811 469 847 534 (n.
859 470 1028 537 58-125);
1039 478 1092 525 tum

108 555 164 628 quia
174 555 212 611 vel
222 555 285 610 inter
295 554 360 609 cives
370 552 451 609 omnia
461 551 596 618 dindarnm
607 557 631 606 et
640 551 763 620 pecuniae
771 565 884 614 mensura
895 557 1037 608 censeantur
1046 567 1093 608 neo

107 639 207 712 pauperi
222 653 325 712 usquam
339 643 381 694 aut
401 638 472 693 iocus
489 641 531 692 aut
546 634 607 690 ides
624 640 719 690 consto
736 634 773 699 (ι.
787 638 883 693 126-
893 639 972 705 189)ι
989 636 1092 709 denique

107 723 163 796 qnia
174 738 206 779 ue
216 723 267 779 vita
276 723 373 794 pidem
384 728 426 778 aut
434 719 547 776 ualetudo
557 718 688 774 innumeris
695 717 808 788 periodis
817 725 893 785 vacet
904 735 1006 792 quornm
1016 735 1092 792 quum

106 808 219 879 princeps
230 809 254 863 in
266 807 342 862 ruinis
352 811 424 878 atque
441 803 557 860 incendiis
567 801 731 858 eediiioiomm
741 807 853 858 cernatur
863 803 898 870 (n.
911 807 1004 862 190-
1016 809 1090 874 eon).

106 898 179 963 poeta
189 891 239 946 hoc
253 891 392 962 quoqrre-iu
408 902 500 962 genere
510 885 653 942 dotenorem
668 901 801 958 paupemm
814 886 976 943 conditionem
990 889 1027 954 (ι.
1039 893 1091 947 ²⁰3

107 976 218 1042 422)
229 973 428 1044 municipalisque
438 971 585 1044 imgaiitatis
594 971 764 1042 praestantiam
774 971 848 1026 iactat
858 971 895 1038 (ι.
910 974 962 1028 223
971 975 1090 1041 431),

107 1058 166 1114 hinc
179 1073 237 1113 uero
248 1057 278 1114 ad
289 1057 374 1112 urbem
396 1069 507 1112 reversus
522 1056 615 1112 domm
632 1055 759 1125 strepitum
774 1055 946 1126 angustiasque
961 1055 1091 1114 laborantis

106 1142 193 1200 turbae
204 1141 242 1209 (ι.
252 1143 304 1200 232
313 1141 432 1209 453),
443 1141 519 1196 immo
529 1147 556 1196 ot
565 1139 668 1195 vestium
678 1144 704 1195 et
713 1138 879 1196 membrorum
887 1139 1024 1195 disommina
1034 1155 1092 1196 cum

106 1225 233 1281 hominnm
250 1241 280 1282 ac
289 1225 451 1296 plaustromm
465 1239 585 1281 concursu
595 1223 724 1280 coniuncta
739 1222 855 1297 graphice
865 1223 980 1279 dmumhit
991 1223 1027 1293 (v.
1038 1227 1090 1281 iot

107 1311 220 1377 467)
237 1323 284 1364 uec
293 1309 476 1368 minorauoetis
486 1309 592 1379 pericula
602 1309 642 1363 vel
653 1321 788 1364 avasomm
799 1322 857 1362 omn
868 1309 903 1376 (v.
915 1309 1089 1378 268-277)

106 1393 144 1448 rel
157 1394 187 1449 ab
193 1393 314 1449 ebriomm
325 1393 456 1464 nutrientia
463 1393 500 1459 (v.
508 1391 711 1461 iifl-301)uel
722 1406 736 1446 a
745 1398 910 1463 grassatomm
919 1391 1012 1463 impetu
1022 1405 1090 1464 rope

106 1478 137 1533 tit
149 1478 185 1546 (ι.
197 1479 374 1547 soe-314„
385 1491 471 1533 omnes
481 1483 562 1532 autem
576 1482 656 1547 partes
665 1481 705 1532 tot
713 1476 864 1548 singularum
873 1476 1009 1548 imaginum
1018 1476 1090 1533 iumi-

105 1560 178 1617 nibus
187 1561 376 1634 iecetiarnmque
392 1561 481 1617 nemeis
492 1559 613 1625 distinxit,
626 1566 655 1615 ut
668 1559 730 1616 haec
737 1560 810 1616 satira
826 1559 897 1615 iacile
913 1560 1018 1630 palmam
1028 1561 1090 1617 inter

105 1645 211 1716 reliquas
221 1645 323 1701 emerat.
351 1643 455 1712 Quartus
467 1645 639 1708 oeconomiam
652 1657 714 1716 quae
726 1643 806 1714 primo
816 1649 916 1712 aspectu
925 1643 1091 1700 inconcinnior

105 1727 182 1783 ridmi
197 1727 288 1799 possit,
303 1729 366 1784 scite
375 1728 482 1784 defendit
492 1726 715 1801 Nageishaohiusin
726 1726 812 1782 Philoi.
824 1727 853 1781 Τ.
863 1725 911 1791 111,
923 1742 948 1797 p.
959 1729 1012 1785 469
1022 1743 1089 1801 sqq.;

105 1811 177 1867 cuius
187 1811 402 1884 quumprinrpars
414 1811 772 1882 (v.1·-es)incrispiniian1
781 1808 861 1867 Sati
874 1810 909 1868 27
918 1812 1002 1880 notati,
1016 1813 1089 1868 altera
1171 1803 1177 1813 ’

105 1896 217 1966 inipsius
228 1895 358 1952 Domitiani
369 1895 555 1968 reprehensione
562 1902 684 1965 versetur,
699 1896 766 1952 iiiam
783 1895 912 1951 commode
927 1909 983 1950 oum
994 1897 1087 1967 praeia-

105 1979 212 2036 tionibus
231 1980 282 2036 siue
301 1982 462 2050 uouemere
484 1981 673 2052 comparaveris,
699 1980 786 2053 qrribns
808 1980 937 2036 rodentes
953 1980 992 2035 vel
1009 1980 1088 2037 decia·

104 2069 198 2120 mentes
208 2065 345 2122 auditomm
355 2066 448 2122 animos
461 2066 492 2122 ad
502 2065 609 2137 ipsorum
620 2071 760 2136 poematum
770 2065 935 2120 orationnmre
945 2072 1088 2136 argumenta

104 2161 247 2228 praeparare
256 2149 382 2214 solebanta
404 2150 451 2206 nisi
462 2150 528 2222 quod
543 2165 608 2206 nuno
618 2155 690 2222 poeta
700 2147 794 2206 ituram
806 2155 863 2221 post
874 2149 1048 2220 praefationem
1057 2148 1088 2204 ad

104 2232 233 2288 dicendum
244 2240 412 2306 assurgentem
423 2234 548 2291 considere
560 2233 636 2298 iniust,
651 2232 764 2306 quianon
774 2232 855 2288 sabula
864 2233 907 2289 sed
917 2248 957 2288 rm
966 2247 1023 2288 aera
1033 2249 1088 2289 nar·

103 2323 171 2372 retur
182 2315 218 2383 (r.
231 2317 266 2373 34
273 2343 311 2358 -
320 2320 378 2387 36).
402 2317 469 2374 ilaec
478 2324 559 2374 autem
569 2319 594 2374 iu
604 2317 694 2374 Albana
704 2316 835 2374 liomitiani
847 2331 903 2372 arce
917 2317 1006 2390 ag'tuu
1018 2319 1088 2373 cuius

102 2413 182 2470 nuper
191 2398 304 2470 reliquiis
313 2399 415 2454 feliciter
424 2402 558 2470 repperisse
568 2402 669 2457 traditur
679 2400 744 2457 Rosa
755 2401 900 2457 architectus
910 2400 984 2456 Italus
995 2401 1019 2457 in
1029 2400 1089 2456 Ger·

103 2481 172 2541 hard.
186 2480 247 2552 eph.
259 2480 378 2540 mchneoi
398 2487 478 2548 luen.
491 2499 516 2554 p.
528 2487 579 2541 241
597 2490 622 2538 et
637 2483 701 2540 Buil.
716 2484 770 2538 deii·
782 2483 859 2539 iustit.
871 2483 935 2538 arch.
948 2486 1023 2549 1853.
1035 2488 1089 2554 μδ

102 2581 171 2639 sqq.;
187 2565 229 2622 ubi
240 2581 315 2638 quum
329 2567 435 2637 piscator
449 2567 612 2624 Aneonitenus
629 2583 696 2626 rarae
712 2567 886 2640 magnitudinis
902 2566 1030 2623 rhombum
1042 2568 1088 2623 im-

102 2650 208 2722 peratori
218 2651 283 2707 douo
295 2651 422 2708 obtulisset
433 2651 470 2721 (ι.
477 2654 512 2710 37
522 2680 559 2692 -
568 2654 625 2722 71),
635 2652 677 2708 iric
687 2651 835 2724 reipublicae
849 2667 962 2723 proceres
972 2653 1088 2726 aulaeque

102 2735 223 2807 principes
235 2735 260 2791 iu
276 2735 405 2792 consilium
416 2736 541 2793 advocarit
550 2737 730 2804 deliberaturos,
748 2737 812 2810 quali
823 2738 903 2809 petina
914 2737 1006 2810 piscem
1016 2737 1088 2810 coqui

102 2825 226 2891 oporteret
243 2819 279 2888 (v.
297 2823 459 2892 tr—149)‚
470 2820 590 2894 huiusque
607 2823 701 2878 consilii
716 2822 798 2894 speeie
813 2821 932 2879 luvenalis
950 2823 1015 2895 ipsos
1032 2823 1087 2878 ilios

101 2901 212 2958 homines
228 2904 371 2960 nominatim
388 2903 542 2977 depingendo
551 2905 590 2962 vel
601 2905 765 2962 tutissimum
785 2913 955 2980 argumentum
972 2906 1088 2977 praeclari

102 2987 195 3059 ingenii
208 2988 299 3044 uirtus
316 2989 567 3059 insplendidissimnm
582 2996 720 3063 temporum
741 2990 874 3064 imaginem
892 2991 1000 3048 converti
1017 3003 1089 3060 posse

102 3069 216 3129 ostendit
249 3069 352 3138 &dam
367 3073 456 3128 satirae
470 3073 634 3145 principaliter
649 3075 698 3131 hoc
714 3075 865 3147 propositum
883 3082 933 3142 ast,
951 3081 979 3129 nt
990 3073 1088 3146 ancipiti

103 3167 218 3222 oemure,
231 3156 296 3228 quali
305 3156 449 3228 pierumque
459 3156 577 3214 luvenalis
588 3160 670 3226 utitur,
683 3159 853 3230 opulentomm
862 3159 989 3215 hominnm
1003 3158 1089 3214 sordoe

102 3243 128 3294 et
138 3239 254 3296 clientum
264 3240 381 3296 vilitatem
388 3247 462 3308 tanet
476 3242 517 3314 qni
527 3258 602 3314 quum
613 3243 643 3300 ab
654 3243 701 3300 illis
711 3244 850 3302 adoneuem
860 3242 959 3299 adhibiti
970 3241 1088 3314 indignis-

102 3322 163 3380 sima
174 3323 343 3397 inaeqmlitete
351 3330 498 3395 tractentur,
513 3333 594 3386 nmen
614 3333 640 3383 et
650 3327 694 3386 has
707 3329 805 3386 iniurias
819 3335 846 3383 et
860 3327 951 3398 minna
963 3327 1089 3385 clientelas

103 3406 256 3465 incommoda
267 3409 344 3482 ipsius
354 3423 445 3466 menae
454 3411 562 3483 mamus
570 3427 638 3470 rarae
648 3429 693 3486 spo
703 3413 785 3485 aequis
796 3410 984 3474 ministerum:
1002 3412 1087 3467 eadem

104 3492 206 3548 amuel
218 3507 279 3550 ears
286 3493 434 3568 adequatis
439 3496 575 3553 studiosum
587 3498 703 3564 adserit.
716 3495 868 3568 ministeris
877 3511 968 3553 menae
978 3496 1086 3552 ordinem

111 3571 216 3648 egnum
225 3577 330 3637 momen
343 3578 454 3653 seqnitur
467 3580 667 3654 singulorumque
683 3578 830 3638 mentorum
845 3581 913 3638 velut
923 3587 992 3638 uetus
1001 3584 1088 3651 postue
