<?xml version="1.0" encoding="UTF-8"?>
<!DOCTYPE html PUBLIC "-//W3C//DTD XHTML 1.0 Transitional//EN"
    "http://www.w3.org/TR/xhtml1/DTD/xhtml1-transitional.dtd">
<html xmlns="http://www.w3.org/1999/xhtml" xml:lang="en" lang="en">
 <head>
  <title>
</title>
<meta http-equiv="Content-Type" content="text/html;charset=utf-8" />
  <meta name='ocr-system' content='tesseract 3.04.00' />
  <meta name='ocr-capabilities' content='ocr_page ocr_carea ocr_par ocr_line ocrx_word'/>
</head>
<body>
  <div class='ocr_page' id='page_1' title='image "./diuniiiuvenalis00sulpgoog_0139.png"; bbox 0 0 2592 4022; ppageno 0'>
   <div class='ocr_carea' id='block_1_1' title="bbox 201 253 855 316">
    <p class='ocr_par' dir='ltr' id='par_1_1' title="bbox 201 253 855 316">
     <span class='ocr_line' id='line_1_1' title="bbox 201 253 855 316; baseline -0.006 -2"><span class='ocrx_word' id='word_1_1' title='bbox 201 253 261 316; x_wconf 82' lang='lat' dir='ltr'><strong>too</strong></span> <span class='ocrx_word' id='word_1_2' title='bbox 529 263 565 311; x_wconf 85' lang='lat' dir='ltr'><strong>n.</strong></span> <span class='ocrx_word' id='word_1_3' title='bbox 581 263 652 311; x_wconf 83' lang='lat' dir='ltr'><strong>rou.</strong></span> <span class='ocrx_word' id='word_1_4' title='bbox 670 261 855 311; x_wconf 79' lang='lat' dir='ltr'><strong>mvnunms</strong></span> 
     </span>
    </p>
   </div>
   <div class='ocr_carea' id='block_1_2' title="bbox 179 400 1191 3498">
    <p class='ocr_par' dir='ltr' id='par_1_2' title="bbox 199 400 1190 1154">
     <span class='ocr_line' id='line_1_2' title="bbox 200 400 1053 483; baseline -0.007 -17"><span class='ocrx_word' id='word_1_5' title='bbox 200 406 250 467; x_wconf 87' lang='lat' dir='ltr'><strong>Sic</strong></span> <span class='ocrx_word' id='word_1_6' title='bbox 273 404 375 483; x_wconf 89' lang='lat' dir='ltr'><strong>aliquis</strong></span> <span class='ocrx_word' id='word_1_7' title='bbox 398 403 500 463; x_wconf 89' lang='lat' dir='ltr'><strong>merito</strong></span> <span class='ocrx_word' id='word_1_8' title='bbox 519 402 645 463; x_wconf 89' lang='lat' dir='ltr'><strong>nondum</strong></span> <span class='ocrx_word' id='word_1_9' title='bbox 666 400 765 462; x_wconf 86' lang='lat' dir='ltr'><strong>obrius</strong></span> <span class='ocrx_word' id='word_1_10' title='bbox 788 409 818 461; x_wconf 91' lang='lat' dir='ltr'><strong>et</strong></span> <span class='ocrx_word' id='word_1_11' title='bbox 839 401 983 462; x_wconf 87' lang='lat' dir='ltr'><strong>minimum</strong></span> <span class='ocrx_word' id='word_1_12' title='bbox 1004 401 1053 481; x_wconf 90' lang='lat' dir='ltr'><strong>qui</strong></span> 
     </span>
     <span class='ocr_line' id='line_1_3' title="bbox 199 485 1190 563; baseline -0.006 -14"><span class='ocrx_word' id='word_1_13' title='bbox 199 489 245 549; x_wconf 87' lang='lat' dir='ltr'><strong>De</strong></span> <span class='ocrx_word' id='word_1_14' title='bbox 266 485 434 563; x_wconf 76' lang='lat' dir='ltr'><strong>Corcyraea</strong></span> <span class='ocrx_word' id='word_1_15' title='bbox 456 496 594 547; x_wconf 88' lang='lat' dir='ltr'><strong>temetum</strong></span> <span class='ocrx_word' id='word_1_16' title='bbox 617 486 740 546; x_wconf 86' lang='lat' dir='ltr'><strong>duxerat</strong></span> <span class='ocrx_word' id='word_1_17' title='bbox 760 502 844 554; x_wconf 88' lang='lat' dir='ltr'><strong>urna;</strong></span> <span class='ocrx_word' id='word_1_18' title='bbox 1153 495 1190 552; x_wconf 81' lang='lat'><strong>25</strong></span> 
     </span>
     <span class='ocr_line' id='line_1_4' title="bbox 200 566 1031 634; baseline -0.007 -2"><span class='ocrx_word' id='word_1_19' title='bbox 200 571 287 634; x_wconf 87' lang='lat' dir='ltr'><strong>Solus</strong></span> <span class='ocrx_word' id='word_1_20' title='bbox 310 572 384 631; x_wconf 87' lang='lat' dir='ltr'><strong>enim</strong></span> <span class='ocrx_word' id='word_1_21' title='bbox 397 570 600 631; x_wconf 88' lang='lat' dir='ltr'><strong>baeclthacus</strong></span> <span class='ocrx_word' id='word_1_22' title='bbox 622 570 702 630; x_wconf 90' lang='lat' dir='ltr'><strong>nullo</strong></span> <span class='ocrx_word' id='word_1_23' title='bbox 724 568 777 629; x_wconf 87' lang='lat' dir='ltr'><strong>sub</strong></span> <span class='ocrx_word' id='word_1_24' title='bbox 798 576 876 631; x_wconf 86' lang='lat' dir='ltr'><strong>toste</strong></span> <span class='ocrx_word' id='word_1_25' title='bbox 899 566 1031 630; x_wconf 86' lang='lat' dir='ltr'><strong>canabat.</strong></span> 
     </span>
     <span class='ocr_line' id='line_1_5' title="bbox 199 651 1020 734; baseline -0.004 -19"><span class='ocrx_word' id='word_1_26' title='bbox 199 655 262 715; x_wconf 87' lang='lat' dir='ltr'><strong>Nos</strong></span> <span class='ocrx_word' id='word_1_27' title='bbox 286 655 414 717; x_wconf 87' lang='lat' dir='ltr'><strong>miranda</strong></span> <span class='ocrx_word' id='word_1_28' title='bbox 439 654 570 734; x_wconf 91' lang='lat' dir='ltr'><strong>quidem,</strong></span> <span class='ocrx_word' id='word_1_29' title='bbox 595 654 649 714; x_wconf 89' lang='lat' dir='ltr'><strong>sed</strong></span> <span class='ocrx_word' id='word_1_30' title='bbox 671 671 766 732; x_wconf 83' lang='lat' dir='ltr'>nuper</span> <span class='ocrx_word' id='word_1_31' title='bbox 786 651 908 713; x_wconf 85' lang='lat' dir='ltr'><strong>consule</strong></span> <span class='ocrx_word' id='word_1_32' title='bbox 930 651 1020 712; x_wconf 89' lang='lat' dir='ltr'><strong>iunco</strong></span> 
     </span>
     <span class='ocr_line' id='line_1_6' title="bbox 201 732 978 817; baseline -0.009 -15"><span class='ocrx_word' id='word_1_33' title='bbox 201 739 290 802; x_wconf 80' lang='lat' dir='ltr'><strong>Gesta</strong></span> <span class='ocrx_word' id='word_1_34' title='bbox 313 758 402 817; x_wconf 88' lang='lat' dir='ltr'><strong>super</strong></span> <span class='ocrx_word' id='word_1_35' title='bbox 425 737 538 799; x_wconf 80' lang='lat' dir='ltr'><strong>calidae</strong></span> <span class='ocrx_word' id='word_1_36' title='bbox 559 736 722 799; x_wconf 86' lang='lat' dir='ltr'><strong>referemus</strong></span> <span class='ocrx_word' id='word_1_37' title='bbox 743 737 857 798; x_wconf 89' lang='lat' dir='ltr'><strong>moenia</strong></span> <span class='ocrx_word' id='word_1_38' title='bbox 880 732 978 815; x_wconf 85' lang='lat' dir='ltr'><strong>Oopti,</strong></span> 
     </span>
     <span class='ocr_line' id='line_1_7' title="bbox 200 820 1009 901; baseline -0.006 -18"><span class='ocrx_word' id='word_1_39' title='bbox 200 823 260 884; x_wconf 88' lang='lat' dir='ltr'><strong>Nos</strong></span> <span class='ocrx_word' id='word_1_40' title='bbox 283 823 364 901; x_wconf 78' lang='lat' dir='ltr'><strong>vulgi</strong></span> <span class='ocrx_word' id='word_1_41' title='bbox 387 822 485 883; x_wconf 87' lang='lat' dir='ltr'><strong>scelus</strong></span> <span class='ocrx_word' id='word_1_42' title='bbox 509 831 539 882; x_wconf 90' lang='lat' dir='ltr'><strong>et</strong></span> <span class='ocrx_word' id='word_1_43' title='bbox 561 824 671 883; x_wconf 88' lang='lat' dir='ltr'><strong>cunctis</strong></span> <span class='ocrx_word' id='word_1_44' title='bbox 692 823 828 899; x_wconf 77' lang='lat' dir='ltr'><strong>graviora</strong></span> <span class='ocrx_word' id='word_1_45' title='bbox 852 820 1009 882; x_wconf 87' lang='lat' dir='ltr'><strong>cothurnis.</strong></span> 
     </span>
     <span class='ocr_line' id='line_1_8' title="bbox 199 902 1189 986; baseline 0.001 -19"><span class='ocrx_word' id='word_1_46' title='bbox 199 905 272 968; x_wconf 89' lang='lat' dir='ltr'><strong>Nam</strong></span> <span class='ocrx_word' id='word_1_47' title='bbox 288 908 401 982; x_wconf 88' lang='lat' dir='ltr'><strong>scelus,</strong></span> <span class='ocrx_word' id='word_1_48' title='bbox 420 905 560 982; x_wconf 77' lang='lat' dir='ltr'><strong>aPyrrha</strong></span> <span class='ocrx_word' id='word_1_49' title='bbox 579 924 749 986; x_wconf 90' lang='lat' dir='ltr'><strong>quamquam</strong></span> <span class='ocrx_word' id='word_1_50' title='bbox 769 905 863 966; x_wconf 88' lang='lat' dir='ltr'><strong>omnia</strong></span> <span class='ocrx_word' id='word_1_51' title='bbox 882 902 1189 980; x_wconf 61' lang='lat' dir='ltr'><strong>sanctarumque</strong></span> 
     </span>
     <span class='ocr_line' id='line_1_9' title="bbox 199 989 1080 1070; baseline -0.003 -19"><span class='ocrx_word' id='word_1_52' title='bbox 199 990 302 1051; x_wconf 87' lang='lat' dir='ltr'><strong>Nullus</strong></span> <span class='ocrx_word' id='word_1_53' title='bbox 326 991 402 1070; x_wconf 91' lang='lat' dir='ltr'><strong>apud</strong></span> <span class='ocrx_word' id='word_1_54' title='bbox 424 992 554 1067; x_wconf 78' lang='lat' dir='ltr'><strong>tragicos</strong></span> <span class='ocrx_word' id='word_1_55' title='bbox 576 990 701 1070; x_wconf 88' lang='lat' dir='ltr'><strong>populus</strong></span> <span class='ocrx_word' id='word_1_56' title='bbox 723 989 809 1058; x_wconf 87' lang='lat' dir='ltr'><strong>iacit;</strong></span> <span class='ocrx_word' id='word_1_57' title='bbox 833 990 955 1067; x_wconf 88' lang='lat' dir='ltr'><strong>accipe,</strong></span> <span class='ocrx_word' id='word_1_58' title='bbox 980 996 1080 1070; x_wconf 83' lang='lat' dir='ltr'><strong>nostro</strong></span> 
     </span>
     <span class='ocr_line' id='line_1_10' title="bbox 200 1073 978 1154; baseline -0.004 -20"><span class='ocrx_word' id='word_1_59' title='bbox 200 1074 269 1136; x_wconf 82' lang='lat' dir='ltr'><strong>Dira</strong></span> <span class='ocrx_word' id='word_1_60' title='bbox 293 1075 370 1154; x_wconf 90' lang='lat' dir='ltr'><strong>quod</strong></span> <span class='ocrx_word' id='word_1_61' title='bbox 390 1074 556 1153; x_wconf 86' lang='lat' dir='ltr'><strong>exemplum</strong></span> <span class='ocrx_word' id='word_1_62' title='bbox 577 1074 679 1135; x_wconf 84' lang='lat' dir='ltr'><strong>lenitas</strong></span> <span class='ocrx_word' id='word_1_63' title='bbox 701 1073 872 1153; x_wconf 85' lang='lat' dir='ltr'><strong>produxerit</strong></span> <span class='ocrx_word' id='word_1_64' title='bbox 892 1089 978 1132; x_wconf 83' lang='lat' dir='ltr'><strong>aevo.</strong></span> 
     </span>
    </p>

    <p class='ocr_par' dir='ltr' id='par_1_3' title="bbox 179 1155 1191 3498">
     <span class='ocr_line' id='line_1_11' title="bbox 243 1155 1009 1237; baseline -0.004 -19"><span class='ocrx_word' id='word_1_65' title='bbox 243 1159 321 1218; x_wconf 91' lang='lat' dir='ltr'><strong>lnter</strong></span> <span class='ocrx_word' id='word_1_66' title='bbox 347 1160 481 1218; x_wconf 86' lang='lat' dir='ltr'><strong>finitimos</strong></span> <span class='ocrx_word' id='word_1_67' title='bbox 503 1168 589 1219; x_wconf 83' lang='lat' dir='ltr'><strong>vatus</strong></span> <span class='ocrx_word' id='word_1_68' title='bbox 615 1168 703 1237; x_wconf 88' lang='lat' dir='ltr'><strong>atque</strong></span> <span class='ocrx_word' id='word_1_69' title='bbox 729 1159 844 1236; x_wconf 87' lang='lat' dir='ltr'><strong>antiqua</strong></span> <span class='ocrx_word' id='word_1_70' title='bbox 867 1155 1009 1232; x_wconf 78' lang='lat' dir='ltr'><strong>simultas,</strong></span> 
     </span>
     <span class='ocr_line' id='line_1_12' title="bbox 200 1240 991 1324; baseline -0.005 -22"><span class='ocrx_word' id='word_1_71' title='bbox 200 1241 364 1302; x_wconf 74' lang='lat' dir='ltr'><strong>immortale</strong></span> <span class='ocrx_word' id='word_1_72' title='bbox 392 1242 487 1301; x_wconf 90' lang='lat' dir='ltr'><strong>odium</strong></span> <span class='ocrx_word' id='word_1_73' title='bbox 510 1251 539 1301; x_wconf 90' lang='lat' dir='ltr'><strong>et</strong></span> <span class='ocrx_word' id='word_1_74' title='bbox 561 1260 712 1324; x_wconf 78' lang='lat' dir='ltr'><strong>numquam</strong></span> <span class='ocrx_word' id='word_1_75' title='bbox 736 1240 866 1303; x_wconf 85' lang='lat' dir='ltr'><strong>sanabile</strong></span> <span class='ocrx_word' id='word_1_76' title='bbox 888 1240 991 1300; x_wconf 81' lang='lat' dir='ltr'><strong>vulnus</strong></span> 
     </span>
     <span class='ocr_line' id='line_1_13' title="bbox 201 1321 1188 1401; baseline 0 -16"><span class='ocrx_word' id='word_1_77' title='bbox 201 1325 294 1385; x_wconf 80' lang='lat' dir='ltr'><strong>Ardet</strong></span> <span class='ocrx_word' id='word_1_78' title='bbox 316 1323 425 1399; x_wconf 91' lang='lat' dir='ltr'><strong>adbuc,</strong></span> <span class='ocrx_word' id='word_1_79' title='bbox 449 1322 559 1385; x_wconf 80' lang='lat' dir='ltr'><strong>Ombos</strong></span> <span class='ocrx_word' id='word_1_80' title='bbox 585 1335 614 1386; x_wconf 90' lang='lat' dir='ltr'><strong>et</strong></span> <span class='ocrx_word' id='word_1_81' title='bbox 635 1325 772 1401; x_wconf 77' lang='lat' dir='ltr'><strong>Tentyra.</strong></span> <span class='ocrx_word' id='word_1_82' title='bbox 807 1325 939 1384; x_wconf 87' lang='lat' dir='ltr'><strong>Summus</strong></span> <span class='ocrx_word' id='word_1_83' title='bbox 960 1321 1101 1400; x_wconf 78' lang='lat' dir='ltr'><strong>utrimque</strong></span> <span class='ocrx_word' id='word_1_84' title='bbox 1151 1330 1188 1385; x_wconf 78' lang='lat'><strong>³5</strong></span> 
     </span>
     <span class='ocr_line' id='line_1_14' title="bbox 200 1407 917 1488; baseline -0.003 -19"><span class='ocrx_word' id='word_1_85' title='bbox 200 1409 270 1469; x_wconf 90' lang='lat' dir='ltr'><strong>lnde</strong></span> <span class='ocrx_word' id='word_1_86' title='bbox 291 1408 372 1468; x_wconf 80' lang='lat' dir='ltr'><strong>furor</strong></span> <span class='ocrx_word' id='word_1_87' title='bbox 392 1407 500 1485; x_wconf 80' lang='lat' dir='ltr'><strong>vulgo,</strong></span> <span class='ocrx_word' id='word_1_88' title='bbox 523 1409 599 1488; x_wconf 92' lang='lat' dir='ltr'><strong>quod</strong></span> <span class='ocrx_word' id='word_1_89' title='bbox 618 1410 731 1471; x_wconf 89' lang='lat' dir='ltr'><strong>numina</strong></span> <span class='ocrx_word' id='word_1_90' title='bbox 756 1407 917 1468; x_wconf 84' lang='lat' dir='ltr'><strong>vicinorum</strong></span> 
     </span>
     <span class='ocr_line' id='line_1_15' title="bbox 202 1488 1055 1573; baseline -0.005 -21"><span class='ocrx_word' id='word_1_91' title='bbox 202 1491 269 1554; x_wconf 82' lang='lat' dir='ltr'><strong>Odit</strong></span> <span class='ocrx_word' id='word_1_92' title='bbox 293 1502 416 1572; x_wconf 92' lang='lat' dir='ltr'><strong>uterque</strong></span> <span class='ocrx_word' id='word_1_93' title='bbox 439 1491 541 1570; x_wconf 90' lang='lat' dir='ltr'><strong>locus,</strong></span> <span class='ocrx_word' id='word_1_94' title='bbox 565 1512 652 1573; x_wconf 91' lang='lat' dir='ltr'><strong>quum</strong></span> <span class='ocrx_word' id='word_1_95' title='bbox 674 1492 756 1553; x_wconf 88' lang='lat' dir='ltr'><strong>solos</strong></span> <span class='ocrx_word' id='word_1_96' title='bbox 781 1491 882 1553; x_wconf 86' lang='lat' dir='ltr'><strong>credat</strong></span> <span class='ocrx_word' id='word_1_97' title='bbox 903 1488 1055 1551; x_wconf 87' lang='lat' dir='ltr'><strong>habendos</strong></span> 
     </span>
     <span class='ocr_line' id='line_1_16' title="bbox 179 1573 1023 1655; baseline -0.005 -19"><span class='ocrx_word' id='word_1_98' title='bbox 179 1575 278 1637; x_wconf 18' lang='lat' dir='ltr'><strong>&#39;Esse</strong></span> <span class='ocrx_word' id='word_1_99' title='bbox 301 1576 389 1652; x_wconf 88' lang='lat' dir='ltr'><strong>deos,</strong></span> <span class='ocrx_word' id='word_1_100' title='bbox 413 1593 487 1654; x_wconf 92' lang='lat' dir='ltr'><strong>quos</strong></span> <span class='ocrx_word' id='word_1_101' title='bbox 510 1578 574 1655; x_wconf 90' lang='lat' dir='ltr'><strong>ipse</strong></span> <span class='ocrx_word' id='word_1_102' title='bbox 597 1577 676 1637; x_wconf 87' lang='lat' dir='ltr'><strong>colit.</strong></span> <span class='ocrx_word' id='word_1_103' title='bbox 710 1576 771 1638; x_wconf 88' lang='lat' dir='ltr'><strong>Sed</strong></span> <span class='ocrx_word' id='word_1_104' title='bbox 791 1585 923 1654; x_wconf 87' lang='lat' dir='ltr'><strong>tompore</strong></span> <span class='ocrx_word' id='word_1_105' title='bbox 946 1573 1023 1634; x_wconf 84' lang='lat' dir='ltr'><strong>festo</strong></span> 
     </span>
     <span class='ocr_line' id='line_1_17' title="bbox 201 1658 895 1738; baseline -0.004 -17"><span class='ocrx_word' id='word_1_106' title='bbox 201 1660 331 1720; x_wconf 79' lang='lat' dir='ltr'><strong>Alterius</strong></span> <span class='ocrx_word' id='word_1_107' title='bbox 355 1658 456 1738; x_wconf 92' lang='lat' dir='ltr'><strong>popuii</strong></span> <span class='ocrx_word' id='word_1_108' title='bbox 478 1660 618 1738; x_wconf 89' lang='lat' dir='ltr'><strong>rapienda</strong></span> <span class='ocrx_word' id='word_1_109' title='bbox 641 1662 759 1721; x_wconf 88' lang='lat' dir='ltr'><strong>occasio</strong></span> <span class='ocrx_word' id='word_1_110' title='bbox 783 1661 895 1719; x_wconf 86' lang='lat' dir='ltr'><strong>cunctis</strong></span> 
     </span>
     <span class='ocr_line' id='line_1_18' title="bbox 201 1741 1189 1823; baseline 0 -19"><span class='ocrx_word' id='word_1_111' title='bbox 201 1744 271 1804; x_wconf 88' lang='lat' dir='ltr'><strong>Visa</strong></span> <span class='ocrx_word' id='word_1_112' title='bbox 294 1744 473 1803; x_wconf 88' lang='lat' dir='ltr'><strong>inimieorum</strong></span> <span class='ocrx_word' id='word_1_113' title='bbox 494 1743 668 1823; x_wconf 89' lang='lat' dir='ltr'><strong>primoribus</strong></span> <span class='ocrx_word' id='word_1_114' title='bbox 690 1763 725 1805; x_wconf 89' lang='lat' dir='ltr'><strong>sc</strong></span> <span class='ocrx_word' id='word_1_115' title='bbox 748 1741 885 1820; x_wconf 89' lang='lat' dir='ltr'><strong>ducibus,</strong></span> <span class='ocrx_word' id='word_1_116' title='bbox 909 1759 947 1802; x_wconf 88' lang='lat' dir='ltr'><strong>nc</strong></span> <span class='ocrx_word' id='word_1_117' title='bbox 1152 1749 1189 1804; x_wconf 76' lang='lat'><strong>40</strong></span> 
     </span>
     <span class='ocr_line' id='line_1_19' title="bbox 201 1825 1101 1906; baseline -0.002 -18"><span class='ocrx_word' id='word_1_118' title='bbox 201 1826 319 1888; x_wconf 85' lang='lat' dir='ltr'><strong>Laetum</strong></span> <span class='ocrx_word' id='word_1_119' title='bbox 341 1827 521 1906; x_wconf 89' lang='lat' dir='ltr'><strong>hilaremque</strong></span> <span class='ocrx_word' id='word_1_120' title='bbox 543 1828 637 1905; x_wconf 90' lang='lat' dir='ltr'><strong>diem,</strong></span> <span class='ocrx_word' id='word_1_121' title='bbox 659 1847 697 1888; x_wconf 90' lang='lat' dir='ltr'><strong>no</strong></span> <span class='ocrx_word' id='word_1_122' title='bbox 720 1844 844 1906; x_wconf 77' lang='lat' dir='ltr'><strong>magnac</strong></span> <span class='ocrx_word' id='word_1_123' title='bbox 862 1825 968 1904; x_wconf 76' lang='lat' dir='ltr'><strong>gaudia</strong></span> <span class='ocrx_word' id='word_1_124' title='bbox 989 1842 1101 1887; x_wconf 79' lang='lat' dir='ltr'><strong>coenas</strong></span> 
     </span>
     <span class='ocr_line' id='line_1_20' title="bbox 203 1910 1011 1991; baseline -0.002 -19"><span class='ocrx_word' id='word_1_125' title='bbox 203 1912 365 1987; x_wconf 85' lang='lat' dir='ltr'><strong>Sentirent,</strong></span> <span class='ocrx_word' id='word_1_126' title='bbox 389 1913 492 1990; x_wconf 87' lang='lat' dir='ltr'><strong>positis</strong></span> <span class='ocrx_word' id='word_1_127' title='bbox 514 1912 550 1973; x_wconf 92' lang='lat' dir='ltr'><strong>ad</strong></span> <span class='ocrx_word' id='word_1_128' title='bbox 573 1912 681 1991; x_wconf 92' lang='lat' dir='ltr'><strong>templa</strong></span> <span class='ocrx_word' id='word_1_129' title='bbox 705 1921 734 1972; x_wconf 90' lang='lat' dir='ltr'><strong>et</strong></span> <span class='ocrx_word' id='word_1_130' title='bbox 757 1910 882 1989; x_wconf 88' lang='lat' dir='ltr'><strong>compita</strong></span> <span class='ocrx_word' id='word_1_131' title='bbox 903 1911 1011 1970; x_wconf 86' lang='lat' dir='ltr'><strong>mensis</strong></span> 
     </span>
     <span class='ocr_line' id='line_1_21' title="bbox 202 1994 1040 2074; baseline -0.004 -18"><span class='ocrx_word' id='word_1_132' title='bbox 202 1995 398 2074; x_wconf 85' lang='lat' dir='ltr'><strong>Pervigilique</strong></span> <span class='ocrx_word' id='word_1_133' title='bbox 423 2005 505 2071; x_wconf 88' lang='lat' dir='ltr'><strong>toro,</strong></span> <span class='ocrx_word' id='word_1_134' title='bbox 530 2013 616 2074; x_wconf 89' lang='lat' dir='ltr'><strong>quem</strong></span> <span class='ocrx_word' id='word_1_135' title='bbox 640 2005 727 2056; x_wconf 89' lang='lat' dir='ltr'><strong>nocte</strong></span> <span class='ocrx_word' id='word_1_136' title='bbox 751 2015 787 2056; x_wconf 89' lang='lat' dir='ltr'><strong>ac</strong></span> <span class='ocrx_word' id='word_1_137' title='bbox 809 1994 875 2055; x_wconf 90' lang='lat' dir='ltr'><strong>luce</strong></span> <span class='ocrx_word' id='word_1_138' title='bbox 897 1994 1040 2055; x_wconf 84' lang='lat' dir='ltr'><strong>iacentem</strong></span> 
     </span>
     <span class='ocr_line' id='line_1_22' title="bbox 203 2078 964 2157; baseline -0.003 -17"><span class='ocrx_word' id='word_1_139' title='bbox 203 2081 348 2157; x_wconf 86' lang='lat' dir='ltr'><strong>Septimus</strong></span> <span class='ocrx_word' id='word_1_140' title='bbox 370 2079 512 2138; x_wconf 87' lang='lat' dir='ltr'><strong>interdum</strong></span> <span class='ocrx_word' id='word_1_141' title='bbox 534 2079 581 2139; x_wconf 90' lang='lat' dir='ltr'><strong>sol</strong></span> <span class='ocrx_word' id='word_1_142' title='bbox 603 2081 719 2138; x_wconf 86' lang='lat' dir='ltr'><strong>invenit.</strong></span> <span class='ocrx_word' id='word_1_143' title='bbox 747 2078 872 2139; x_wconf 85' lang='lat' dir='ltr'><strong>Horrida</strong></span> <span class='ocrx_word' id='word_1_144' title='bbox 894 2095 964 2138; x_wconf 90' lang='lat' dir='ltr'><strong>sane</strong></span> 
     </span>
     <span class='ocr_line' id='line_1_23' title="bbox 202 2161 1187 2241; baseline 0.003 -20"><span class='ocrx_word' id='word_1_145' title='bbox 202 2162 374 2240; x_wconf 76' lang='lat' dir='ltr'><strong>Aegyptus,</strong></span> <span class='ocrx_word' id='word_1_146' title='bbox 401 2161 455 2221; x_wconf 88' lang='lat' dir='ltr'><strong>sed</strong></span> <span class='ocrx_word' id='word_1_147' title='bbox 480 2161 609 2238; x_wconf 78' lang='lat' dir='ltr'><strong>luxuria,</strong></span> <span class='ocrx_word' id='word_1_148' title='bbox 633 2171 767 2241; x_wconf 88' lang='lat' dir='ltr'><strong>quantum</strong></span> <span class='ocrx_word' id='word_1_149' title='bbox 792 2163 858 2239; x_wconf 89' lang='lat' dir='ltr'><strong>ipse</strong></span> <span class='ocrx_word' id='word_1_150' title='bbox 879 2163 987 2239; x_wconf 85' lang='lat' dir='ltr'><strong>notavi,</strong></span> <span class='ocrx_word' id='word_1_151' title='bbox 1151 2168 1187 2224; x_wconf 77' lang='lat' dir='ltr'><strong>dt</strong></span> 
     </span>
     <span class='ocr_line' id='line_1_24' title="bbox 202 2241 907 2324; baseline -0.001 -18"><span class='ocrx_word' id='word_1_152' title='bbox 202 2244 330 2307; x_wconf 89' lang='lat' dir='ltr'><strong>Barbara</strong></span> <span class='ocrx_word' id='word_1_153' title='bbox 351 2243 464 2306; x_wconf 84' lang='lat' dir='ltr'><strong>famoso</strong></span> <span class='ocrx_word' id='word_1_154' title='bbox 487 2263 545 2305; x_wconf 90' lang='lat' dir='ltr'><strong>non</strong></span> <span class='ocrx_word' id='word_1_155' title='bbox 567 2246 645 2306; x_wconf 87' lang='lat' dir='ltr'><strong>cedit</strong></span> <span class='ocrx_word' id='word_1_156' title='bbox 666 2246 749 2308; x_wconf 92' lang='lat' dir='ltr'><strong>turba</strong></span> <span class='ocrx_word' id='word_1_157' title='bbox 774 2241 907 2324; x_wconf 84' lang='lat' dir='ltr'><strong>Oanopo.</strong></span> 
     </span>
     <span class='ocr_line' id='line_1_25' title="bbox 203 2328 977 2408; baseline 0 -20"><span class='ocrx_word' id='word_1_158' title='bbox 203 2328 305 2404; x_wconf 83' lang='lat' dir='ltr'><strong>Adde,</strong></span> <span class='ocrx_word' id='word_1_159' title='bbox 331 2329 409 2408; x_wconf 89' lang='lat' dir='ltr'><strong>quod</strong></span> <span class='ocrx_word' id='word_1_160' title='bbox 431 2339 461 2390; x_wconf 90' lang='lat' dir='ltr'><strong>et</strong></span> <span class='ocrx_word' id='word_1_161' title='bbox 481 2329 576 2391; x_wconf 79' lang='lat' dir='ltr'><strong>facilis</strong></span> <span class='ocrx_word' id='word_1_162' title='bbox 598 2332 720 2391; x_wconf 85' lang='lat' dir='ltr'><strong>victoria</strong></span> <span class='ocrx_word' id='word_1_163' title='bbox 742 2331 779 2391; x_wconf 92' lang='lat' dir='ltr'><strong>de</strong></span> <span class='ocrx_word' id='word_1_164' title='bbox 802 2329 922 2390; x_wconf 91' lang='lat' dir='ltr'><strong>madidis</strong></span> <span class='ocrx_word' id='word_1_165' title='bbox 947 2338 977 2390; x_wconf 89' lang='lat' dir='ltr'><strong>et</strong></span> 
     </span>
     <span class='ocr_line' id='line_1_26' title="bbox 202 2413 997 2491; baseline -0.001 -17"><span class='ocrx_word' id='word_1_166' title='bbox 202 2413 316 2474; x_wconf 89' lang='lat' dir='ltr'><strong>Blaesis</strong></span> <span class='ocrx_word' id='word_1_167' title='bbox 341 2423 427 2491; x_wconf 88' lang='lat' dir='ltr'><strong>atquo</strong></span> <span class='ocrx_word' id='word_1_168' title='bbox 451 2430 532 2474; x_wconf 88' lang='lat' dir='ltr'><strong>mero</strong></span> <span class='ocrx_word' id='word_1_169' title='bbox 554 2413 756 2474; x_wconf 87' lang='lat' dir='ltr'><strong>titubantibus:</strong></span> <span class='ocrx_word' id='word_1_170' title='bbox 779 2413 846 2474; x_wconf 91' lang='lat' dir='ltr'><strong>inde</strong></span> <span class='ocrx_word' id='word_1_171' title='bbox 868 2413 997 2474; x_wconf 77' lang='lat' dir='ltr'><strong>virorum</strong></span> 
     </span>
     <span class='ocr_line' id='line_1_27' title="bbox 204 2496 839 2578; baseline -0.003 -20"><span class='ocrx_word' id='word_1_172' title='bbox 204 2497 330 2558; x_wconf 89' lang='lat' dir='ltr'><strong>Saltatus</strong></span> <span class='ocrx_word' id='word_1_173' title='bbox 352 2499 436 2574; x_wconf 80' lang='lat' dir='ltr'><strong>nigro</strong></span> <span class='ocrx_word' id='word_1_174' title='bbox 458 2496 594 2573; x_wconf 90' lang='lat' dir='ltr'><strong>tibicine,</strong></span> <span class='ocrx_word' id='word_1_175' title='bbox 617 2498 839 2578; x_wconf 86' lang='lat' dir='ltr'><strong>qualiacumque</strong></span> 
     </span>
     <span class='ocr_line' id='line_1_28' title="bbox 203 2580 1191 2663; baseline 0.004 -22"><span class='ocrx_word' id='word_1_176' title='bbox 203 2580 356 2658; x_wconf 78' lang='lat' dir='ltr'><strong>Unguenta</strong></span> <span class='ocrx_word' id='word_1_177' title='bbox 381 2590 411 2640; x_wconf 87' lang='lat' dir='ltr'><strong>et</strong></span> <span class='ocrx_word' id='word_1_178' title='bbox 432 2581 522 2642; x_wconf 86' lang='lat' dir='ltr'><strong>dores</strong></span> <span class='ocrx_word' id='word_1_179' title='bbox 542 2581 708 2663; x_wconf 90' lang='lat' dir='ltr'><strong>multaeque</strong></span> <span class='ocrx_word' id='word_1_180' title='bbox 731 2583 759 2641; x_wconf 95' lang='lat' dir='ltr'><strong>in</strong></span> <span class='ocrx_word' id='word_1_181' title='bbox 780 2582 876 2641; x_wconf 87' lang='lat' dir='ltr'><strong>irontc</strong></span> <span class='ocrx_word' id='word_1_182' title='bbox 900 2596 1042 2650; x_wconf 86' lang='lat' dir='ltr'><strong>coronae;</strong></span> <span class='ocrx_word' id='word_1_183' title='bbox 1155 2591 1191 2645; x_wconf 81' lang='lat'><strong>50</strong></span> 
     </span>
     <span class='ocr_line' id='line_1_29' title="bbox 203 2663 1004 2744; baseline 0.002 -20"><span class='ocrx_word' id='word_1_184' title='bbox 203 2663 275 2724; x_wconf 89' lang='lat' dir='ltr'><strong>Hinc</strong></span> <span class='ocrx_word' id='word_1_185' title='bbox 301 2665 424 2724; x_wconf 89' lang='lat' dir='ltr'><strong>ieiunum</strong></span> <span class='ocrx_word' id='word_1_186' title='bbox 449 2666 554 2725; x_wconf 90' lang='lat' dir='ltr'><strong>odium.</strong></span> <span class='ocrx_word' id='word_1_187' title='bbox 588 2665 647 2726; x_wconf 91' lang='lat' dir='ltr'><strong>Sed</strong></span> <span class='ocrx_word' id='word_1_188' title='bbox 671 2667 763 2742; x_wconf 77' lang='lat' dir='ltr'><strong>iurgia</strong></span> <span class='ocrx_word' id='word_1_189' title='bbox 786 2666 876 2744; x_wconf 90' lang='lat' dir='ltr'><strong>prima</strong></span> <span class='ocrx_word' id='word_1_190' title='bbox 898 2681 1004 2726; x_wconf 85' lang='lat' dir='ltr'><strong>sonare</strong></span> 
     </span>
     <span class='ocr_line' id='line_1_30' title="bbox 203 2747 982 2827; baseline 0.003 -20"><span class='ocrx_word' id='word_1_191' title='bbox 203 2747 345 2824; x_wconf 85' lang='lat' dir='ltr'><strong>Incipiunt</strong></span> <span class='ocrx_word' id='word_1_192' title='bbox 370 2750 469 2807; x_wconf 92' lang='lat' dir='ltr'><strong>animis</strong></span> <span class='ocrx_word' id='word_1_193' title='bbox 492 2748 675 2823; x_wconf 86' lang='lat' dir='ltr'><strong>ardentibus,</strong></span> <span class='ocrx_word' id='word_1_194' title='bbox 697 2747 773 2808; x_wconf 91' lang='lat' dir='ltr'><strong>haec</strong></span> <span class='ocrx_word' id='word_1_195' title='bbox 794 2748 862 2827; x_wconf 88' lang='lat' dir='ltr'><strong>tuba</strong></span> <span class='ocrx_word' id='word_1_196' title='bbox 883 2749 982 2817; x_wconf 87' lang='lat' dir='ltr'><strong>rixae;</strong></span> 
     </span>
     <span class='ocr_line' id='line_1_31' title="bbox 203 2830 952 2909; baseline 0.001 -19"><span class='ocrx_word' id='word_1_197' title='bbox 203 2830 279 2890; x_wconf 88' lang='lat' dir='ltr'><strong>Dein</strong></span> <span class='ocrx_word' id='word_1_198' title='bbox 300 2832 429 2891; x_wconf 90' lang='lat' dir='ltr'><strong>clamore</strong></span> <span class='ocrx_word' id='word_1_199' title='bbox 453 2833 515 2909; x_wconf 89' lang='lat' dir='ltr'><strong>pari</strong></span> <span class='ocrx_word' id='word_1_200' title='bbox 538 2833 736 2909; x_wconf 89' lang='lat' dir='ltr'><strong>concurritur,</strong></span> <span class='ocrx_word' id='word_1_201' title='bbox 762 2841 793 2891; x_wconf 91' lang='lat' dir='ltr'><strong>et</strong></span> <span class='ocrx_word' id='word_1_202' title='bbox 813 2833 879 2891; x_wconf 89' lang='lat' dir='ltr'><strong>vice</strong></span> <span class='ocrx_word' id='word_1_203' title='bbox 899 2832 952 2893; x_wconf 89' lang='lat' dir='ltr'><strong>teli</strong></span> 
     </span>
     <span class='ocr_line' id='line_1_32' title="bbox 205 2915 1024 2994; baseline 0.002 -19"><span class='ocrx_word' id='word_1_204' title='bbox 205 2915 305 2975; x_wconf 86' lang='lat' dir='ltr'><strong>Saevit</strong></span> <span class='ocrx_word' id='word_1_205' title='bbox 326 2915 400 2975; x_wconf 94' lang='lat' dir='ltr'><strong>nuda</strong></span> <span class='ocrx_word' id='word_1_206' title='bbox 423 2932 534 2984; x_wconf 82' lang='lat' dir='ltr'><strong>manus:</strong></span> <span class='ocrx_word' id='word_1_207' title='bbox 558 2934 669 2994; x_wconf 88' lang='lat' dir='ltr'><strong>paucae</strong></span> <span class='ocrx_word' id='word_1_208' title='bbox 692 2917 755 2976; x_wconf 87' lang='lat' dir='ltr'><strong>sine</strong></span> <span class='ocrx_word' id='word_1_209' title='bbox 777 2915 897 2990; x_wconf 79' lang='lat' dir='ltr'><strong>vulnere</strong></span> <span class='ocrx_word' id='word_1_210' title='bbox 920 2916 1024 2994; x_wconf 87' lang='lat' dir='ltr'><strong>malae,</strong></span> 
     </span>
     <span class='ocr_line' id='line_1_33' title="bbox 203 2999 1189 3078; baseline 0.007 -21"><span class='ocrx_word' id='word_1_211' title='bbox 203 2999 261 3058; x_wconf 90' lang='lat' dir='ltr'><strong>Vix</strong></span> <span class='ocrx_word' id='word_1_212' title='bbox 284 3000 416 3078; x_wconf 90' lang='lat' dir='ltr'><strong>cuiquam</strong></span> <span class='ocrx_word' id='word_1_213' title='bbox 439 3008 486 3059; x_wconf 88' lang='lat' dir='ltr'><strong>aut</strong></span> <span class='ocrx_word' id='word_1_214' title='bbox 506 3000 577 3060; x_wconf 92' lang='lat' dir='ltr'><strong>nulli</strong></span> <span class='ocrx_word' id='word_1_215' title='bbox 594 3010 659 3060; x_wconf 87' lang='lat' dir='ltr'><strong>toto</strong></span> <span class='ocrx_word' id='word_1_216' title='bbox 685 3003 840 3062; x_wconf 87' lang='lat' dir='ltr'><strong>certamine</strong></span> <span class='ocrx_word' id='word_1_217' title='bbox 862 3018 948 3060; x_wconf 86' lang='lat' dir='ltr'><strong>nasus</strong></span> <span class='ocrx_word' id='word_1_218' title='bbox 1154 3009 1189 3064; x_wconf 80' lang='lat' dir='ltr'><strong>tu</strong></span> 
     </span>
     <span class='ocr_line' id='line_1_34' title="bbox 203 3082 1039 3163; baseline 0.002 -21"><span class='ocrx_word' id='word_1_219' title='bbox 203 3082 338 3158; x_wconf 79' lang='lat' dir='ltr'><strong>Integer,</strong></span> <span class='ocrx_word' id='word_1_220' title='bbox 361 3084 511 3162; x_wconf 81' lang='lat' dir='ltr'><strong>aspiceres</strong></span> <span class='ocrx_word' id='word_1_221' title='bbox 533 3086 587 3145; x_wconf 89' lang='lat' dir='ltr'><strong>iam</strong></span> <span class='ocrx_word' id='word_1_222' title='bbox 610 3095 712 3146; x_wconf 90' lang='lat' dir='ltr'><strong>cuncta</strong></span> <span class='ocrx_word' id='word_1_223' title='bbox 733 3103 788 3163; x_wconf 88' lang='lat' dir='ltr'><strong>por</strong></span> <span class='ocrx_word' id='word_1_224' title='bbox 808 3085 921 3162; x_wconf 79' lang='lat' dir='ltr'><strong>agmina</strong></span> <span class='ocrx_word' id='word_1_225' title='bbox 943 3085 1039 3146; x_wconf 79' lang='lat' dir='ltr'><strong>vultus</strong></span> 
     </span>
     <span class='ocr_line' id='line_1_35' title="bbox 204 3163 874 3247; baseline 0.003 -22"><span class='ocrx_word' id='word_1_226' title='bbox 204 3163 362 3242; x_wconf 87' lang='lat' dir='ltr'><strong>Dimidios,</strong></span> <span class='ocrx_word' id='word_1_227' title='bbox 389 3167 461 3226; x_wconf 90' lang='lat' dir='ltr'><strong>alias</strong></span> <span class='ocrx_word' id='word_1_228' title='bbox 486 3168 578 3228; x_wconf 85' lang='lat' dir='ltr'><strong>iacies</strong></span> <span class='ocrx_word' id='word_1_229' title='bbox 601 3178 630 3228; x_wconf 87' lang='lat' dir='ltr'><strong>et</strong></span> <span class='ocrx_word' id='word_1_230' title='bbox 652 3169 757 3230; x_wconf 88' lang='lat' dir='ltr'><strong>hiantia</strong></span> <span class='ocrx_word' id='word_1_231' title='bbox 782 3170 874 3247; x_wconf 86' lang='lat' dir='ltr'><strong>ruptis</strong></span> 
     </span>
     <span class='ocr_line' id='line_1_36' title="bbox 206 3249 1010 3332; baseline 0.001 -22"><span class='ocrx_word' id='word_1_232' title='bbox 206 3249 281 3310; x_wconf 86' lang='lat' dir='ltr'><strong>Ossa</strong></span> <span class='ocrx_word' id='word_1_233' title='bbox 302 3252 402 3327; x_wconf 80' lang='lat' dir='ltr'><strong>genis,</strong></span> <span class='ocrx_word' id='word_1_234' title='bbox 425 3251 530 3329; x_wconf 89' lang='lat' dir='ltr'><strong>plenos</strong></span> <span class='ocrx_word' id='word_1_235' title='bbox 552 3252 701 3312; x_wconf 85' lang='lat' dir='ltr'><strong>oculorum</strong></span> <span class='ocrx_word' id='word_1_236' title='bbox 723 3255 864 3331; x_wconf 74' lang='lat' dir='ltr'><strong>sanguninc</strong></span> <span class='ocrx_word' id='word_1_237' title='bbox 885 3270 1010 3332; x_wconf 73' lang='lat' dir='ltr'><strong>pugnos.</strong></span> 
     </span>
     <span class='ocr_line' id='line_1_37' title="bbox 205 3333 922 3417; baseline 0.006 -25"><span class='ocrx_word' id='word_1_238' title='bbox 205 3333 319 3394; x_wconf 83' lang='lat' dir='ltr'><strong>Ludere</strong></span> <span class='ocrx_word' id='word_1_239' title='bbox 342 3352 376 3394; x_wconf 88' lang='lat' dir='ltr'><strong>se</strong></span> <span class='ocrx_word' id='word_1_240' title='bbox 400 3335 520 3395; x_wconf 87' lang='lat' dir='ltr'><strong>crodunt</strong></span> <span class='ocrx_word' id='word_1_241' title='bbox 540 3338 596 3414; x_wconf 90' lang='lat' dir='ltr'><strong>ipsi</strong></span> <span class='ocrx_word' id='word_1_242' title='bbox 619 3346 714 3396; x_wconf 88' lang='lat' dir='ltr'><strong>tamen</strong></span> <span class='ocrx_word' id='word_1_243' title='bbox 741 3348 770 3398; x_wconf 87' lang='lat' dir='ltr'><strong>et</strong></span> <span class='ocrx_word' id='word_1_244' title='bbox 791 3336 922 3417; x_wconf 88' lang='lat' dir='ltr'><strong>pueriles</strong></span> 
     </span>
     <span class='ocr_line' id='line_1_38' title="bbox 205 3415 1189 3498; baseline 0.009 -23"><span class='ocrx_word' id='word_1_245' title='bbox 205 3415 357 3476; x_wconf 84' lang='lat' dir='ltr'><strong>Exercere</strong></span> <span class='ocrx_word' id='word_1_246' title='bbox 378 3419 474 3495; x_wconf 89' lang='lat' dir='ltr'><strong>acies,</strong></span> <span class='ocrx_word' id='word_1_247' title='bbox 496 3421 573 3498; x_wconf 93' lang='lat' dir='ltr'><strong>quod</strong></span> <span class='ocrx_word' id='word_1_248' title='bbox 594 3421 672 3481; x_wconf 90' lang='lat' dir='ltr'><strong>nulia</strong></span> <span class='ocrx_word' id='word_1_249' title='bbox 695 3422 837 3482; x_wconf 84' lang='lat' dir='ltr'><strong>cadavera</strong></span> <span class='ocrx_word' id='word_1_250' title='bbox 859 3421 988 3491; x_wconf 89' lang='lat' dir='ltr'><strong>calcent;</strong></span> <span class='ocrx_word' id='word_1_251' title='bbox 1153 3427 1189 3484; x_wconf 78' lang='lat'><strong>⁶⁰</strong></span> 
     </span>
    </p>
   </div>
   <div class='ocr_carea' id='block_1_3' title="bbox 207 3497 865 3583">
    <p class='ocr_par' dir='ltr' id='par_1_4' title="bbox 207 3497 865 3583">
     <span class='ocr_line' id='line_1_39' title="bbox 207 3497 865 3583; baseline 0.014 -26"><span class='ocrx_word' id='word_1_252' title='bbox 207 3497 243 3558; x_wconf 86' lang='lat' dir='ltr'><strong>Et</strong></span> <span class='ocrx_word' id='word_1_253' title='bbox 262 3516 332 3559; x_wconf 90' lang='lat' dir='ltr'><strong>sane</strong></span> <span class='ocrx_word' id='word_1_254' title='bbox 356 3518 413 3579; x_wconf 92' lang='lat' dir='ltr'><strong>quo</strong></span> <span class='ocrx_word' id='word_1_255' title='bbox 436 3511 479 3562; x_wconf 87' lang='lat' dir='ltr'><strong>tot</strong></span> <span class='ocrx_word' id='word_1_256' title='bbox 499 3505 619 3565; x_wconf 81' lang='lat' dir='ltr'><strong>rixantis</strong></span> <span class='ocrx_word' id='word_1_257' title='bbox 640 3505 717 3568; x_wconf 92' lang='lat' dir='ltr'><strong>milia</strong></span> <span class='ocrx_word' id='word_1_258' title='bbox 753 3505 865 3583; x_wconf 89' lang='lat' dir='ltr'><strong>turbae,</strong></span> 
     </span>
    </p>
   </div>
   <div class='ocr_carea' id='block_1_4' title="bbox 0 0 1306 4022">
    <p class='ocr_par' dir='ltr' id='par_1_5' title="bbox 0 0 1306 4022">
     <span class='ocr_line' id='line_1_40' title="bbox 0 0 1306 4022; baseline 0 0"><span class='ocrx_word' id='word_1_259' title='bbox 0 0 1306 4022; x_wconf 95' lang='lat' dir='ltr'><strong> </strong></span> 
     </span>
    </p>
   </div>
  </div>
 </body>
</html>
