2592 4022
190 223 236 283 'to
534 232 569 283 ι).
592 232 663 280 mm.
685 231 870 281 mnndum

190 372 341 434 Bellorum
366 388 473 450 pomp-o
496 371 615 431 animam
640 369 806 431 exhalasset
828 371 962 450 opimam,

195 456 288 531 Quum
310 455 347 515 de
369 453 531 515 Teutonico
553 452 645 514 vellet
668 453 852 514 descendere
875 453 984 516 currui

193 539 316 602 Provida
339 538 478 618 Pompeio
503 538 625 599 dederat
648 534 802 616 Campania
823 538 924 598 febres

194 623 356 703 Optandas,
377 622 431 682 sed
453 622 560 683 multoe
586 621 676 681 urbes
700 630 729 681 et
749 621 866 701 publica
887 631 957 684 vota

192 709 347 774 vicerunt3
373 708 460 785 igitur
485 706 599 766 fortuna
622 705 713 783 ipsius
738 715 767 766 et
788 705 868 765 urbis
1131 718 1190 772 285

193 792 345 854 Servatum
366 792 444 851 victo
468 799 556 868 caput
579 786 705 850 abstulit.
745 787 809 848 lloe
834 791 962 850 cruciatu

191 875 348 952 Lentulus,
370 875 426 936 hac
448 891 544 954 poena
566 873 658 934 caruit
680 871 846 953 ceciditque
870 871 1018 951 cethegus

193 959 327 1038 Integer,
353 968 382 1019 et
402 959 490 1018 iacuit
513 955 635 1017 Catilina
661 956 806 1016 cadavere
829 965 902 1016 toto.

104 973 144 1107 Q
234 1043 368 1104 Formam
393 1051 475 1120 optat
495 1041 610 1102 modico
632 1040 748 1120 pueris,
776 1041 885 1101 maiore
909 1040 1016 1120 puellis

193 1128 355 1203 llnrmnre,
382 1144 467 1205 quum
493 1125 618 1184 Veneris
642 1125 737 1184 fanum
759 1124 851 1203 videt,
873 1125 957 1187 anxia
972 1131 1065 1184 muter
1132 1134 1192 1189 29⁰

192 1211 293 1290 Usque
319 1210 356 1270 ad
377 1209 499 1270 delicias
522 1216 664 1268 votorum.
701 1205 893 1286 (luctamen,
916 1209 1017 1288 inquit,

194 1290 362 1372 Corripiusl
386 1292 507 1373 pulchra
530 1291 639 1369 gaudet
661 1290 770 1352 Latona
793 1291 895 1353 Diana.
912 1325 955 1336 ·-

194 1379 254 1442 Sed
275 1385 356 1437 vetut
381 1376 475 1456 opteri
502 1375 606 1436 faciem
625 1373 779 1452 Lucretia,
807 1377 922 1455 qualem
1261 1407 1262 1416 ι

193 1462 260 1543 Ipsa
286 1460 399 1529 babuit;
426 1468 550 1538 cuperet
575 1457 691 1520 Rutilae
715 1459 854 1538 Verginia
877 1455 997 1538 gibbum
1262 1435 1263 1496 l

193 1546 340 1626 Accipere
363 1554 450 1624 atque
472 1562 553 1604 suam
577 1543 693 1606 Rutilae
715 1543 796 1603 darc.
829 1542 920 1604 Filius
942 1553 1038 1605 autern
1132 1553 1189 1609 tito
1263 1515 1264 1572 l

196 1629 336 1711 Corporis
360 1629 472 1708 egregii
493 1630 619 1698 miseros
640 1627 831 1707 trepidosque
856 1635 994 1705 parentes
1264 1597 1265 1658 l

194 1718 317 1794 Semper
338 1713 439 1778 baben
482 1729 547 1772 rara
571 1719 617 1772 est
636 1711 711 1771 adeo
737 1711 895 1772 concordia
918 1712 1029 1774 formae

194 1799 291 1879 Atque
312 1797 479 1877 pudicitiae.
511 1796 636 1856 Sanctos
657 1795 728 1855 licet
749 1796 866 1856 borrida
888 1812 985 1856 mores

194 1881 357 1942 Tradiderit
377 1880 479 1940 domus
502 1897 537 1940 ac
559 1889 679 1940 veteres
700 1880 807 1940 imitata
832 1879 968 1957 Sabinos,

193 1967 350 2026 Praeterea
376 1972 485 2024 castum
507 1965 652 2042 ingenium
676 1962 845 2043 vultumque
868 1964 1001 2024 modesto
1134 1974 1192 2029 3⁰0

195 2050 342 2126 Sanguine
368 2046 529 2106 ferventem
554 2046 660 2106 tribuat
682 2055 782 2106 natura
808 2047 934 2126 benigna

193 2133 286 2210 Larga
309 2148 408 2190 manu:
434 2129 518 2210 (quid
542 2132 616 2190 enim
642 2146 735 2209 puero
764 2131 900 2193 conferre
926 2140 1025 2212 potest
1047 2131 1115 2212 plus

195 2215 324 2278 Custode
352 2223 381 2274 et
401 2231 469 2274 eura
491 2223 592 2276 natura
615 2216 764 2294 potentior
786 2213 899 2297 emnil)

193 2299 259 2361 Non
281 2299 351 2359 licet
375 2316 443 2358 esse
464 2300 543 2368 viro:
564 2316 629 2359 nam
650 2298 774 2379 prodiga
797 2302 978 2380 corruptoris

193 2382 367 2463 Improbitas
392 2383 474 2463 ipsos
500 2382 587 2443 audet
612 2392 755 2463 temptare
777 2392 925 2464 parentes.
1133 2395 1191 2451 ³05

195 2469 285 2530 Tanta
307 2470 336 2529 in
360 2467 525 2529 muneribus
547 2467 661 2529 fiducia.
701 2467 805 2529 Nullus
830 2468 976 2548 ephebum

193 2553 363 2614 Deformem
389 2570 478 2613 saeva
500 2553 636 2612 castravit
659 2553 687 2613 in
712 2571 781 2613 arce
803 2561 951 2628 mannus,

194 2637 259 2698 Nec
284 2645 496 2716 praetextatum
518 2636 612 2715 rapuit
633 2635 713 2696 Nero
739 2635 901 2714 loripedem
925 2653 980 2696 uec

196 2722 376 2784 strumosum
397 2728 485 2799 atque
507 2727 591 2780 utero
614 2720 725 2798 pariter
745 2719 896 2800 gibboque
920 2729 1087 2782 tumentem.

194 2805 304 2865 lnuuc
328 2811 357 2863 et
376 2802 489 2862 iuvenis
511 2802 612 2880 specie
633 2802 745 2864 lactura
770 2805 827 2880 tui,
852 2823 938 2884 quem
1133 2813 1193 2870 blo

194 2887 305 2950 blaiora
325 2893 500 2966 exspectant
524 2885 703 2948 discrimina:
730 2887 780 2950 liet
802 2887 916 2950 adulter

195 2970 332 3036 Publicus
360 2978 389 3030 et
410 2986 521 3050 poenas
542 2979 652 3032 metuet
677 2989 876 3052 quascumque
900 2973 1009 3034 maritis

195 3054 279 3116 lratis
306 3054 412 3131 debet,
437 3073 493 3116 uec
514 3056 569 3116 erit
590 3054 708 3116 felicior
732 3065 811 3117 astro

194 3137 311 3216 blattis,
334 3147 365 3200 ut
387 3139 416 3198 iu
439 3139 562 3218 laqueos
586 3157 739 3218 numquam
760 3141 878 3203 incidat.
915 3140 1014 3218 Exigit
1035 3148 1131 3202 autem

71 3275 73 3282 s
195 3221 340 3284 Interdum
363 3223 415 3284 ille
438 3223 524 3283 dolor
545 3224 611 3303 plus
636 3242 720 3302 mam
741 3224 791 3285 lex
812 3225 872 3285 ulla
895 3224 990 3285 dolori
1132 3234 1185 3291 315

198 3303 367 3376 Concessit;
390 3317 477 3368 necat
495 3305 543 3368 bic
564 3307 661 3382 ferro,
685 3317 768 3369 secat
790 3308 841 3370 ille
865 3309 992 3369 cruentis

195 3387 393 3467 Verberibus,
417 3391 557 3471 quosdam
579 3390 720 3452 moechos
742 3401 772 3452 et
789 3392 903 3471 mugilis
926 3394 1020 3454 fumat.

195 3471 257 3534 Sed
277 3482 342 3534 tuus
365 3473 527 3551 Endymion
552 3475 678 3537 dilectas
701 3475 752 3536 liet
773 3477 892 3559 adulter
