2592 4022
229 221 270 286 68
572 232 608 280 o.
629 231 701 278 1ux.
723 229 910 278 ruvxxanrs

588 321 607 352 ί

229 373 282 436 Dis
305 373 355 433 ille
380 371 512 432 adversis
536 371 651 448 genitus
674 371 793 448 latoque
817 368 945 445 sinistro,

230 457 323 531 Quem
345 465 428 534 pater
453 456 580 516 ardentis
602 473 714 515 massae
736 453 857 530 iuligine
878 453 974 532 lippus
1170 465 1213 522 lat

230 542 257 600 A
280 539 408 600 narbone
429 547 459 599 et
480 539 641 618 lorcipihus
661 537 834 615 gladiosque
857 546 977 616 parante

229 622 336 686 lucude
362 635 390 684 et
415 623 494 684 luteo
514 623 646 683 Vulcano
671 621 706 682 ad
731 620 850 680 rhetora
871 621 956 680 misit.

270 707 418 768 Bellorum
441 708 579 783 exuviae,
602 707 709 766 truncis
732 705 819 765 allixa
842 705 971 782 tropacis

229 791 333 853 Lorica
356 801 385 851 et
408 791 500 852 iracta
522 790 558 851 de
581 790 697 850 casside
718 789 841 849 huccula
865 788 995 868 pendeus

229 875 266 936 Et
290 883 399 936 curtum
420 884 535 936 temone
557 877 652 954 iugum
674 874 828 951 victaeque
850 873 974 933 triremis
1171 884 1211 938 135

231 960 368 1038 aplustre
394 969 423 1018 et
444 974 553 1020 summo
575 960 664 1018 tristis
687 959 818 1035 captivus
841 958 870 1015 in
892 974 961 1016 arco

228 1043 362 1104 Humanis
383 1045 491 1103 maiora
514 1043 598 1102 honis
621 1042 785 1103 creduntur.
821 1039 867 1100 Ad
889 1039 947 1100 hoc
973 1057 1005 1101 se

228 1125 375 1186 Romanus
400 1125 559 1205 Graiusque
583 1134 613 1185 et
636 1126 776 1186 barbarus
798 1124 987 1202 induperator

228 1209 342 1270 Erexit:
366 1227 471 1268 causas
495 1210 665 1269 discriminis
690 1219 776 1287 atque
799 1207 908 1268 laboris

227 1292 297 1354 lnde
320 1292 427 1353 hahuit.
464 1291 556 1352 Tanto
578 1295 670 1352 maior
694 1293 789 1352 lamae
812 1293 875 1351 sitis
899 1301 961 1369 est,
985 1307 1069 1370 quam
1169 1303 1211 1357 llo

226 1376 356 1435 Virtutis.
392 1375 463 1449 Quis
486 1377 559 1436 enim
582 1379 714 1437 virtutem
737 1376 920 1456 amplectitur
942 1378 1045 1454 ipsam,

227 1459 356 1521 Praemia
378 1460 403 1519 si
424 1457 532 1520 tollas?
555 1462 675 1539 patriam
698 1469 794 1521 tamen
817 1459 913 1520 obruit
940 1459 1008 1520 olim

228 1541 326 1604 Gloria
350 1561 507 1623 paucorum
529 1554 557 1604 ct
583 1545 674 1605 laudis
696 1545 828 1622 titulique
852 1543 958 1622 cupido

227 1627 349 1688 llaesuri
371 1631 449 1688 saxis
473 1631 601 1690 cinerum
624 1627 809 1704 custodibus,
837 1627 970 1706 adquae

226 1709 415 1773 Discutienda
436 1713 534 1788 valent
557 1713 666 1772 sterilis
688 1712 762 1772 mala
788 1710 895 1771 robora
919 1712 977 1788 lioi,
1166 1723 1210 1778 145

228 1793 466 1874 Quandoquidem
491 1797 558 1857 data
580 1806 644 1856 suut
667 1797 740 1875 ipsis
763 1812 879 1876 quoque
901 1795 960 1856 lata
986 1796 1145 1873 sepulcris.

226 1877 370 1956 Expende
393 1879 595 1941 llannihalem:
623 1888 694 1959 quot
714 1879 804 1940 libras
826 1881 854 1938 in
876 1879 951 1939 duce
974 1896 1083 1940 summo

226 1959 382 2023 Invenies?
409 1963 456 2023 hic
480 1971 540 2040 est,
563 1980 648 2041 quem
672 1981 729 2023 non
754 1965 832 2042 capit
853 1962 953 2023 Airica
975 1962 1076 2024 lllaur'o

225 2046 369 2107 Percussa
392 2045 510 2106 Oceano
533 2045 659 2123 Niloque
683 2047 797 2108 admota
821 2049 942 2126 tepenti,

225 2127 336 2188 Rursus
361 2129 397 2189 ad
422 2130 597 2207 Aethiopum
619 2131 746 2209 populos
769 2132 903 2210 altosque
925 2130 1108 2211 elephantos.
1166 2145 1210 2198 150

225 2211 348 2272 Additur
376 2215 504 2292 imperiis
526 2213 680 2292 Hispania,
703 2214 883 2290 Pyrenaeum

224 2295 374 2366 Transiit:
399 2299 537 2377 opposuit
559 2308 659 2358 natura
681 2297 845 2380 Alpemque
867 2299 1037 2378 niuemque:

224 2379 341 2442 Diducit
363 2382 503 2460 scopulos
527 2391 557 2442 ct
578 2392 704 2443 montem
725 2385 829 2462 rumpit
854 2393 950 2444 aceto.

224 2464 283 2526 lam
308 2473 389 2526 tenet
410 2465 534 2533 ltaliam:
560 2477 657 2527 tamen
678 2466 753 2527 ultra
778 2483 905 2544 pergere
930 2466 1034 2526 tendit:

223 2547 346 2625 Actum,
369 2550 476 2628 inquit,
497 2550 566 2610 nihil
595 2559 657 2626 est,
680 2552 734 2609 uisi
756 2550 855 2611 Poeno
877 2550 967 2610 milite
989 2559 1091 2629 portas
1166 2563 1211 2617 aas

223 2629 392 2708 Frangimus
417 2643 446 2692 et
469 2634 563 2694 media
585 2635 724 2694 vexillum
748 2652 825 2713 pono
848 2634 971 2694 Subura.

224 2713 248 2773 0
271 2716 365 2791 qualis
389 2716 482 2775 iacies
504 2725 533 2775 et
555 2717 633 2794 quali
659 2718 744 2794 digna
766 2718 885 2794 tabella,

224 2796 317 2870 Quum
340 2797 460 2859 (laetula
486 2800 589 2858 ducem
612 2810 743 2878 portarat
762 2801 861 2863 hellus
888 2801 1013 2862 luscum!

222 2879 325 2941 Exitus
349 2899 421 2961 ergo
445 2883 509 2962 quis
532 2880 597 2943 esti
623 2900 640 2943 o
663 2885 770 2961 gloria!
794 2887 917 2946 vincitur
938 2886 1014 2946 idem

222 2963 336 3045 Nempe
357 2975 387 3025 et
407 2967 435 3025 in
456 2966 572 3027 exilium
595 2986 741 3050 praeceps
762 2971 836 3047 lugit
856 2980 943 3050 atquc
960 2970 1001 3030 ihi
1022 2987 1148 3048 magnus
1164 2980 1212 3036 160

221 3046 426 3128 lllirandusque
454 3050 545 3111 cliens
573 3053 656 3112 sedet
683 3055 719 3113 ad
738 3056 885 3132 praetoria
910 3056 1001 3133 regis,

221 3130 325 3193 Donec
347 3133 470 3211 Bithyno
496 3136 587 3196 libeat
609 3137 732 3214 vigilare
757 3147 889 3214 manno.

220 3214 321 3277 Finem
343 3220 471 3295 animae,
498 3237 572 3298 quae
598 3239 647 3280 res
672 3221 808 3283 humanas
834 3223 949 3284 miscuit
970 3222 1049 3298 olim,

220 3299 286 3360 Nou
312 3300 420 3378 gladii,
444 3321 501 3363 non
524 3322 593 3364 saxa
615 3304 735 3380 dabunt,
759 3325 815 3366 nec
837 3308 913 3382 tela,
942 3307 995 3368 sed
1016 3306 1068 3366 ille

222 3379 382 3445 Cannarum
408 3386 516 3447 vindex
542 3398 571 3447 ct
595 3389 665 3448 tanti
691 3392 837 3467 sanguinis
860 3391 937 3451 ultor
1163 3399 1210 3454 loo

220 3463 359 3527 Annulus.
396 3469 410 3529 l
435 3471 555 3532 demens
578 3479 609 3531 et
634 3489 739 3534 saevas
760 3493 844 3535 curre
869 3493 924 3555 per
947 3473 1052 3553 Alpes,
