2592 4022
324 1047 711 1118 SULPIOIAE
753 1045 1026 1116 SATIRA.

597 1229 754 1240 .-......-—-

179 1390 279 1466 Musa,
296 1389 399 1470 quibus
413 1390 538 1450 numeris
554 1389 660 1450 heroas
677 1397 705 1448 et
723 1404 800 1448 arma
814 1388 1000 1468 frequentas,

180 1473 329 1536 Fabellam
346 1476 480 1553 permitte
496 1474 564 1535 mibi
579 1473 720 1534 detexere
738 1473 849 1551 paucis.

179 1559 252 1620 Nam
267 1558 317 1618 tibi
335 1560 463 1636 secessi,
479 1568 575 1620 tecum
591 1556 742 1638 penetrale
757 1566 918 1618 retraetans

182 1640 354 1711 Consilinum
381 1660 471 1721 quare
486 1661 542 1704 nec
558 1643 684 1704 carmine
700 1659 785 1701 curro
800 1640 945 1702 Phalaeco

180 1725 245 1786 Nec
262 1728 393 1786 trimetro
408 1727 504 1786 iambo
520 1721 642 1806 necffqui
659 1725 736 1805 pede
753 1724 862 1786 iraetus
879 1725 983 1786 eodem
1149 1738 1168 1792 ⁵

179 1805 306 1871 Fortiter
323 1811 410 1870 irasci
425 1810 524 1872 didicit
539 1811 613 1871 duce
629 1808 825 1872 Clazomenio.

180 1891 287 1954 Cetera
304 1895 370 1972 quin
389 1895 488 1972 etiam,
505 1904 576 1973 quot
591 1896 716 1974 deniqne
732 1894 808 1955 milia
835 1893 890 1954 lusi

180 1969 333 2055 Primaque
347 1977 492 2039 Romanas
507 1979 593 2040 docui
609 1980 788 2041 contendere
806 1977 899 2040 Graiis

179 2060 216 2120 Et
233 2060 340 2131 salibus
355 2063 469 2122 variare
484 2063 585 2137 novis,
608 2059 775 2122 constanter
790 2062 905 2141 omitto,

180 2143 291 2221 Teque,
309 2144 411 2224 quibus
428 2146 566 2225 princeps
582 2152 612 2206 et
629 2144 833 2207 facundissima
851 2147 959 2227 calles,
1136 2159 1168 2212 tu

179 2225 363 2304 Aggredior:
387 2229 525 2308 precibus
542 2229 691 2291 descende
707 2231 821 2291 clientis
840 2239 869 2291 et
884 2232 959 2293 audi.

220 2310 276 2371 Dic
291 2313 375 2390 milri,
392 2310 544 2394 Calliope,
561 2315 694 2393 quidnam
709 2323 793 2395 pater
807 2315 857 2376 ille
874 2315 994 2378 deorum

180 2393 318 2472 Cogitat?
345 2415 380 2457 an
395 2406 489 2459 terras
508 2407 537 2458 et
554 2402 645 2476 patria
662 2399 762 2460 secula
777 2407 883 2477 mutat,

180 2479 317 2559 Quasque
334 2481 413 2542 dedit
431 2484 591 2560 quondam,
607 2483 794 2544 morientibus
813 2483 900 2562 eripit
915 2493 1013 2564 artes,

177 2561 298 2642 Nosque
316 2565 395 2625 iubet
410 2569 515 2627 taeitos
532 2576 561 2627 et
577 2568 631 2627 iam
647 2567 765 2628 rationis
782 2584 893 2647 egenos
932 2636 934 2641 .
1135 2579 1171 2630 io

177 2644 244 2705 Non
262 2647 361 2725 aliter,
380 2650 473 2727 primo
490 2668 575 2730 quam
590 2670 675 2730 quum
692 2653 867 2712 surreximus
885 2671 976 2732 aevo,

180 2727 338 2790 Glandibus
354 2741 384 2791 et
401 2751 492 2811 purae
507 2753 606 2795 rursus
623 2735 815 2814 procumbere
831 2735 989 2817 lymphae?

178 2811 224 2871 An
239 2812 367 2891 reliquas
386 2821 483 2876 terras
502 2827 657 2878 conservat
672 2819 779 2878 amicus
797 2829 826 2880 et
841 2820 943 2899 urbes,

179 2896 238 2957 Sed
256 2915 349 2974 genus
365 2898 523 2960 Ausonium
540 2900 712 2984 Remulique
729 2904 861 2965 exturbat
876 2901 1028 2965 alumnos?

179 2978 275 3054 Quid?
293 2992 461 3061 reputemus
478 2986 570 3058 enim:
589 2985 645 3047 duo
661 2996 742 3063 sunt,
758 2987 861 3066 quibus
880 2989 982 3049 extulit
996 2989 1099 3066 ingens
1132 2999 1168 3051 20

178 3061 270 3123 lloma
288 3075 390 3145 caput:
408 3069 499 3128 virtus
515 3070 586 3129 belli
603 3079 632 3130 et
646 3072 786 3150 sapientia
802 3073 894 3150 pacis.

178 3147 238 3208 Sed
253 3150 360 3227 virtus,
376 3153 482 3228 agitata
498 3155 574 3214 domi
591 3163 620 3214 et
636 3154 793 3215 socialibus
809 3157 911 3232 armis,

178 3230 210 3290 ln
225 3232 300 3292 ireta
317 3233 450 3295 Sicaniae
468 3246 497 3298 et
515 3235 697 3316 Carthaginis
713 3241 783 3299 exiit
798 3257 882 3300 arces

173 3312 346 3395 .Geteraque
362 3320 483 3398 imperia
500 3330 529 3382 et
545 3331 635 3382 totum
650 3322 733 3383 simul
749 3322 867 3384 abstulit
884 3324 1005 3394 orbem;

178 3395 308 3476 Deinde,
324 3403 405 3462 velut
422 3403 514 3464 stadio
532 3407 626 3466 victor
641 3409 690 3486 qui
710 3406 790 3468 solus
807 3406 927 3469 Achaeo
1131 3416 1167 3470 25

179 3478 308 3557 Languet
325 3494 353 3544 et
368 3487 483 3549 immota
498 3505 599 3550 secum
615 3491 719 3551 virtute
736 3491 858 3570 fatiscit,
