2552 4028
219 243 259 306 36
562 255 598 302 n.
621 254 692 304 mu.
715 254 902 302 unvunands

217 393 359 457 Hannibal
381 401 411 453 at
433 401 544 453 stantes
569 390 683 454 Collina
708 402 787 455 turre
811 394 913 454 mariti.

216 478 300 540 Nuuo
324 478 447 556 patimur
469 477 576 556 longae
599 479 682 556 pacis
705 476 793 546 mala;
818 479 935 539 saevior
956 479 1042 540 armis

216 561 341 624 Luxuria
362 561 490 622 incubuit
510 562 677 641 rictumque
699 560 851 622 ulciscitur
873 562 983 622 orbem.

215 644 333 707 Nullum
356 647 464 706 crimen
485 644 570 705 abest
591 644 762 725 facinusque
784 644 928 723 libidinis,
952 664 991 706 ax
1009 663 1068 724 quo

216 729 375 808 Paupertas
398 729 528 791 Romana
548 731 641 809 perit:
667 729 734 790 bine
755 729 837 792 duxit
860 729 896 790 ud
918 732 991 790 istos
1157 742 1206 798 aas

111 809 114 818 “
215 811 254 874 Et
275 812 397 890 Sybaris
420 814 532 890 colles,
556 813 623 874 binc
646 823 676 874 et
697 812 819 874 Rhodos
842 822 873 874 et
894 812 1011 876 dliletos

215 897 314 976 Atque
337 907 506 959 coronatum
525 906 555 957 et
576 897 710 976 petulans
731 897 932 976 madidumque
954 898 1120 960 Tarentum.

214 980 309 1043 Prima
329 983 504 1063 peregrinos
527 980 657 1043 obscena
680 983 803 1061 pecunia
823 997 921 1042 mores

214 1065 326 1141 Intulit,
350 1075 380 1126 et
399 1067 476 1144 turpi
498 1067 650 1144 fregerunt
669 1065 771 1128 secula
793 1065 862 1126 luxu

214 1149 340 1210 Divitias
361 1148 477 1210 molles.
510 1148 587 1222 Quid
614 1152 689 1210 enim
708 1149 808 1209 Venus
830 1149 912 1211 ebria
938 1149 1041 1211 curutl
1157 1164 1206 1217 ³0⁰

215 1231 344 1309 Inguinis
366 1241 396 1294 et
418 1233 520 1311 capitis
545 1249 620 1310 quae
642 1234 699 1292 siut
721 1232 903 1310 discrimina,
926 1235 1037 1312 nescit,

216 1314 342 1377 Grandia
364 1333 440 1394 quae
460 1315 563 1376 madiis
585 1317 641 1376 iam
662 1314 796 1378 noctibus
818 1324 918 1378 ostrea
939 1319 1064 1396 mordet,

217 1398 310 1472 Quum
333 1399 452 1478 perlusa
474 1417 555 1460 mero
577 1411 709 1479 spumant
728 1410 874 1480 unguenta
894 1399 1032 1480 Fale'ruo,

216 1482 310 1556 Quum
330 1482 438 1545 bibitur
460 1484 587 1560 concba,
617 1503 703 1564 quum
727 1487 783 1547 iam
804 1486 949 1563 vertigine
969 1495 1077 1547 tectum

215 1565 352 1629 Ambulat
376 1577 406 1630 et
427 1570 549 1647 geminis
572 1572 704 1648 exsurgit
726 1586 825 1630 mensa
850 1569 987 1630 lucernis.

214 1650 228 1712 1
249 1662 378 1714 nuncet
399 1653 512 1729 dubita,
537 1654 736 1734 qua·sorbaat
757 1670 827 1716 uera
849 1671 938 1715 suuua

216 1735 328 1813 Tullia,
351 1738 421 1815 quid
443 1738 520 1799 dicat
541 1747 629 1799 uotae
651 1738 802 1812 collactea
815 1737 950 1815 liturae,

214 1819 314 1881 Naura
334 1820 493 1883 Pudicitiae
513 1831 645 1882 veterem
667 1840 753 1901 quum
774 1823 914 1901 praeterit
935 1839 1024 1884 aram.

214 1902 357 1964 Noctibus
380 1904 428 1966 laic
450 1915 560 1984 ponunt
581 1905 719 1981 lecticas,
745 1907 910 1967 micturiunt
928 1907 976 1969 bic

213 1985 410 2068 Effigiemque
433 1989 507 2049 deae
531 1989 628 2066 longis
655 1989 826 2068 siphonibus
846 1989 966 2068 impleut

214 2071 305 2150 loque
328 2075 410 2132 vices
433 2074 618 2150 equitantes
639 2073 708 2134 luna
729 2081 807 2133 teste
826 2083 995 2142 moventur3

213 2153 284 2216 lude
305 2155 407 2215 domos
429 2155 550 2217 abeunt:
575 2165 605 2216 tu
629 2156 726 2218 calcas
748 2157 815 2217 luce
837 2175 957 2219 reversa

216 2234 356 2316 Coniugis
377 2240 486 2300 urinum
508 2257 630 2319 magnos
652 2242 767 2302 uisurus
790 2243 911 2306 amicos.

213 2321 290 2384 Nota
311 2321 411 2384 Bonae
433 2333 550 2387 secreta
572 2325 671 2403 Deae,
695 2344 780 2405 quum
800 2326 870 2388 tibia
895 2326 1009 2390 lumbos

213 2406 317 2468 Incitat
338 2417 369 2469 et
389 2424 480 2469 comu
501 2411 611 2489 pariter
631 2413 759 2491 vinoque
783 2411 915 2473 teruntur

213 2490 363 2553 Attonitae
386 2495 554 2574 crinemque
574 2504 671 2556 rotant
691 2494 860 2575 ululantque
882 2495 978 2574 Priapi

215 2574 387 2647 Naenudes;
414 2595 432 2640 o
455 2588 578 2658 quarum
600 2588 668 2640 tuuc
687 2578 746 2639 illis
768 2578 911 2640 ruentibus
931 2577 1018 2639 ardor

215 2657 410 2738 Concubitus,
436 2679 511 2740 quae
534 2679 594 2723 vox
614 2662 739 2723 saltante
758 2661 893 2738 libidine,
915 2670 1038 2740 quantus

213 2741 268 2804 llle
290 2744 362 2803 meri
381 2747 492 2804 veteris
515 2761 569 2824 per
589 2761 675 2805 crura
697 2743 840 2805 madentia
861 2745 993 2806 torrens!

213 2824 361 2887 benouum
380 2827 501 2888 ancillas
520 2829 616 2909 posita
641 2828 759 2891 Saufeia
781 2845 890 2890 corona
936 2836 939 2844 '

213 2909 360 2972 Provocat
381 2929 416 2972 ac
436 2912 514 2973 tollit
534 2913 687 2992 pendentis
708 2914 836 2993 praemia
857 2931 962 2992 coxae,

213 2995 283 3074 Ipsa
304 2993 480 3058 lledullinue
502 2997 619 3059 iluctum
639 3000 787 3060 crissantis
804 2998 919 3061 adorat:

215 3080 340 3142 Palmam
358 3083 432 3142 iuter
453 3082 582 3144 domiuus
603 3085 695 3144 virtus
715 3082 858 3146 natalibus
877 3094 993 3165 aequat.
1121 3109 1133 3132 a

215 3162 262 3225 Nil
283 3165 322 3224 ibi
344 3183 399 3246 per
420 3165 517 3228 luduru
539 3167 732 3239 simulabitur;
753 3169 847 3229 omniu
868 3168 937 3230 dent

215 3246 261 3309 Ad
282 3267 398 3328 verum,
422 3251 525 3330 quibus
547 3253 662 3314 incendi
683 3255 739 3315 iam
761 3253 882 3333 frigidus
905 3271 979 3316 aevo
1150 3266 1201 3320 att

214 3329 475 3397 Laomedontiades
498 3345 529 3397 et
549 3335 683 3399 Nestoris
705 3338 805 3399 hernia
827 3341 930 3418 possit.

216 3413 297 3476 'l'uuc
319 3422 438 3498 prurigo
459 3437 559 3483 morae
580 3423 750 3503 impatiens,
773 3431 830 3483 tum
862 3424 967 3485 lamina
986 3419 1122 3502 simplex,

213 3495 259 3557 Ao
275 3502 385 3579 pariter
403 3512 465 3565 toto
486 3507 627 3586 repetitus
650 3506 760 3569 clamor
780 3507 816 3569 ab
838 3516 936 3569 antro:
