2592 4022
221 265 260 327 58
566 274 601 322 n.
624 275 695 322 run.
719 273 905 322 1nvnusn1s

220 415 312 495 Finge
335 423 431 476 umen
455 413 568 492 gladios
590 413 656 474 inde
679 422 764 491 atque
788 413 854 472 hinc
878 411 991 492 pulpita
1013 415 1101 493 poni:
1166 427 1216 481 195

222 499 298 574 Quid
319 496 430 560 satius‘l
453 507 575 558 mortem
595 499 639 558 sic
661 499 811 577 quisquam
834 496 1000 572 exhorruit,
1023 506 1055 558 ut
1078 500 1117 559 sit

221 583 384 662 Zelotypus
407 582 582 658 Thymeles,
603 580 710 660 stupidi
732 580 851 657 collega
871 576 1022 640 Corinthi?

220 667 282 728 Res
303 667 379 736 haud
398 667 469 728 mira
489 676 600 742 tamen,
624 663 792 725 citharoedo
816 665 964 743 principe,
987 667 1090 726 animm

221 750 345 813 Nobilis.
375 749 457 811 llaec
479 750 554 811 ultra
576 749 645 829 quid
670 749 726 808 erit
749 749 804 808 nisi
827 745 935 811 indust
958 757 986 809 et
1008 748 1070 812 illic

221 834 358 897 Dedecus
380 834 459 895 urbis
481 833 591 910 habes,
611 852 667 893 nec
689 831 868 894 mirmillonis
889 834 918 892 in
941 833 1037 909 armis,
1165 847 1217 900 που

220 919 284 981 Nec
307 918 405 998 clipeo
429 916 589 980 Gracchum
611 925 786 996 pugnantem
808 924 857 976 aut
877 915 956 978 falce
978 918 1097 996 supina¹

221 1003 344 1065 Damnat
369 1003 443 1064 enim
465 1002 539 1062 tales
559 1001 685 1074 habitus,
704 1001 746 1079 [et
770 1000 883 1061 damnat
905 1009 935 1062 et
955 1000 1027 1076 odit,

220 1087 285 1149 Nec
306 1086 392 1166 galea
416 1087 522 1147 faciem
543 1081 728 1162 abscondit:]
752 1092 850 1142 moret
873 1099 946 1144 ecce
966 1084 1122 1146 tridentem
1145 1097 1190 1168 et,

220 1171 377 1250 Postquam
399 1169 511 1230 vibrata
532 1170 687 1248 pendentia
705 1169 779 1229 retia
803 1168 905 1229 dextra

221 1252 403 1333 Nequiquam
426 1253 544 1329 effudit,
572 1253 678 1313 nudum
699 1252 736 1313 ad
759 1252 929 1332 spectacula
950 1252 1060 1314 vultum
1163 1269 1214 1321 aot

221 1336 317 1415 Erigit
338 1345 367 1397 et
387 1345 448 1397 tota
472 1337 546 1414 fugit
568 1336 771 1414 agnoscendus
794 1354 891 1397 arena.

223 1418 382 1481 Gredamus
404 1421 535 1497 tunicas,
559 1421 596 1482 de
618 1420 752 1482 faucibus
776 1439 864 1482 aurea
888 1437 973 1498 quum
995 1439 1029 1480 se

220 1505 406 1584 Porrigatet
426 1504 515 1583 longo
537 1506 662 1566 iactetur
683 1505 762 1584 spira
782 1501 905 1582 galero?

221 1588 303 1668 Ergo
326 1591 509 1668 ignominiam
531 1591 697 1667 graviorem
718 1588 838 1667 pertulit
860 1589 937 1648 omni

221 1672 352 1736 Vulnere
375 1691 439 1734 cum
463 1673 594 1735 Graccho
619 1675 715 1734 iussus
738 1689 869 1751 pugnare
892 1681 1019 1733 secutor.
1159 1685 1215 1739 ulo

263 1757 367 1819 Libera
387 1760 412 1818 si
436 1757 539 1818 dentur
559 1757 671 1837 populo
694 1756 848 1834 suffragia,
875 1758 939 1836 quis
961 1765 1019 1816 tam

221 1841 371 1919 l'erditus,
395 1850 427 1900 ut
449 1841 559 1902 dubitet
583 1843 726 1903 Senecam
750 1841 901 1920 praeferre
923 1839 1044 1918 Neroni,

222 1923 311 1985 Guius
331 1925 477 2004 supplicio
501 1943 559 1985 non
581 1925 679 1985 debuit
704 1941 760 1987 una
785 1925 882 2003 parari
1037 1931 1040 1936 '

223 2009 311 2070 Simia
333 2026 389 2068 nec
412 2025 536 2087 serpens
557 2027 707 2069 nnus1nec
732 2008 844 2070 culleus
866 2005 961 2068 nnus?

221 2092 278 2153 l’ar
297 2091 564 2170 Agamemnonidae
588 2095 711 2170 crimen,
727 2092 788 2153 'sed
812 2110 899 2153 cansa
920 2093 990 2153 lacit
1011 2109 1075 2152 rem
1163 2103 1214 2160 ma

222 2174 415 2237 Dissimilem:
439 2177 548 2255 quippe
569 2177 621 2238 ille
643 2176 706 2237 deis
726 2176 893 2238 auctoribus
915 2176 993 2238 ultor

221 2259 314 2320 Patris
337 2269 400 2321 erat
423 2262 503 2321 caesi
523 2261 618 2322 media
640 2262 716 2322 inter
737 2260 857 2340 pocula;
882 2260 936 2321 sed
957 2279 1014 2320 nec

221 2341 361 2405 Electrae
386 2345 487 2423 iugulo
511 2364 545 2406 se
567 2345 673 2425 polluit
698 2354 746 2407 aut
769 2346 903 2424 Spartani

222 2429 370 2506 Sanguine
393 2430 534 2508 coniugii,
560 2429 646 2491 nullis
668 2431 783 2491 aconita
808 2428 978 2508 propinquis

221 2509 356 2592 Miscuit,
379 2515 408 2573 in
436 2532 525 2574 scena
546 2531 699 2593 numquam
722 2514 847 2574 cantavit
871 2511 1003 2588 Orestes,
1164 2525 1214 2578 mo

219 2594 328 2657 'lroiea
350 2614 408 2657 non
430 2599 558 2676 scripsit.
595 2596 670 2672 Quid
694 2599 769 2658 enim
787 2595 943 2676 Verginius
965 2595 1050 2656 armis

220 2678 330 2741 Debuit
354 2680 457 2741 ulcisci
478 2684 587 2759 magis,
610 2690 658 2743 aut
682 2699 747 2741 oum
768 2681 890 2742 Vindice
913 2678 1015 2756 Galba,

221 2761 309 2835 Quod
333 2762 413 2825 Nero
433 2773 492 2824 tam
518 2782 609 2826 saeva
634 2765 782 2845 crudaque
807 2763 957 2842 tyrannide
980 2761 1073 2824 fecit?

220 2845 302 2906 llaec
325 2864 416 2926 opera
439 2857 526 2926 atque
549 2849 604 2909 hae
627 2858 692 2911 sunt
714 2851 853 2928 generosi
875 2849 1015 2930 principis
1034 2857 1126 2928 artes,

222 2930 379 2992 Gaudentis
406 2931 495 2993 ioedo
519 2934 677 3012 peregrina
699 2933 735 2994 ad
758 2934 869 3014 pulpita
893 2942 978 2994 cantu
1163 2945 1213 2998 225

220 3013 356 3076 Prostitui
379 3015 541 3097 Graiaeque
564 3021 659 3098 apium
679 3020 821 3080 meruisse
844 3035 983 3080 coronae.

220 3094 361 3161 Naiorum
386 3100 500 3179 efligies
524 3102 650 3164 habeant
673 3103 796 3180 insignia
818 3104 917 3164 vocis:

221 3181 298 3244 Ante
322 3184 415 3263 pedes
442 3184 550 3246 Domiti
573 3187 693 3264 longum
714 3195 744 3247 tu
767 3204 844 3268 pone
867 3185 1014 3263 Thyestae

220 3267 323 3343 Syrma
346 3269 396 3329 vel
420 3268 583 3348 Antigones
607 3279 656 3332 aut
677 3289 833 3349 personam
856 3270 1050 3349 Menalippes,

219 3347 258 3410 Et
281 3351 318 3413 de
343 3370 506 3416 marmoreo
533 3355 671 3416 citharam
694 3356 841 3435 suspende
864 3355 994 3416 colosso.
1162 3363 1213 3417 teo

221 3431 314 3512 Quid,
339 3433 480 3516 Gatilina,
499 3440 556 3499 tuis
579 3437 721 3499 natalibus
744 3449 831 3518 atque
852 3436 976 3517 Gethegi

219 3514 351 3579 inveniet
372 3522 522 3600 quisquam
545 3519 716 3584 sublimius?
739 3541 817 3584 arma
838 3532 935 3584 tamen
955 3539 1009 3583 vos
