2552 4028
214 266 255 328 24
536 279 571 326 n.
594 278 666 325 rum.
689 275 875 324 uuvnuums

214 421 288 483 Tota
309 417 460 479 salutatrix
482 417 537 478 iam
560 415 643 478 turba
663 420 812 496 peregerit
835 414 935 478 orbem

213 499 363 566 Sideribus
385 501 478 561 dubiis
503 509 551 561 aut
572 501 623 563 illo
646 511 795 581 tempore,
820 516 877 579 quo
900 517 933 558 se

212 583 329 666 drigida
351 586 550 664 circumagunt
571 587 647 665 pigri
671 603 789 648 serraca
812 584 933 646 Bootae.

214 671 314 746 Qualis
338 685 430 730 coena
452 665 568 731 tumen?
585 672 696 746 vinum,
725 669 803 748 quod
825 667 944 728 succide
965 668 1037 728 nolit

211 753 288 815 bana
308 753 382 832 pati;
406 752 442 812 de
464 754 587 814 conviva
604 750 770 829 Corybanta
793 749 915 814 uidebis.

211 837 309 916 lurgia
329 835 498 916 proludunt;
522 837 576 898 sed
597 853 666 896 mox
687 845 718 898 et
740 835 848 916 poeula
869 843 988 914 torques

212 922 335 984 Saucius
359 929 390 981 et
409 919 496 982 rubra
516 921 654 999 deterges
676 920 798 982 uulnera
818 937 932 998 mappa,

210 1006 291 1068 luter
311 1022 365 1065 uos
388 1006 503 1083 quoties
524 1004 751 1083 libertorumque
774 1003 924 1067 eohortem

211 1091 310 1168 Pugna
331 1088 489 1165 Saguntina
510 1089 606 1150 feruet
628 1090 782 1150 commissa
803 1088 917 1166 lagona.
1031 1133 1033 1136 -

153 1242 156 1253 Ι
211 1172 280 1252 lpse
303 1170 440 1250 capillato
464 1171 596 1232 diliueum
618 1171 739 1233 consule
761 1179 843 1250 potat

213 1254 419 1332 Calcatamque
442 1263 522 1314 tenet
544 1253 631 1337 bellis
653 1253 811 1316 socialibus
833 1270 928 1330 uvam,

211 1337 353 1400 dardiaco
376 1355 533 1417 numquam
551 1338 684 1414 cyathum
706 1339 845 1398 missurus
867 1339 976 1408 amico;

212 1421 285 1484 cras
307 1420 529 1501 bibetAlbauis
551 1422 658 1502 aliquid
682 1421 884 1484 dementibus
908 1431 956 1483 aut
979 1421 1015 1484 de

210 1506 337 1582 Setinis,
361 1506 441 1566 cuiue
464 1508 583 1585 patriam
604 1508 774 1586 titulumque
796 1514 932 1566 senectus

209 1589 328 1653 Deleuit
347 1589 437 1652 multa
459 1592 568 1651 ueteris
590 1590 711 1670 iuligine
734 1599 839 1668 testae,

210 1673 305 1750 Quale
329 1675 466 1736 coronati·
481 1673 610 1736 Thrasea
631 1675 841 1754 Helvidiusque
863 1671 1000 1733 bibebant

208 1758 361 1819 Brutorum
383 1767 413 1819 et
434 1756 517 1819 (lassi
540 1758 691 1821 natalibus.
736 1759 804 1839 lpse
828 1775 953 1837 capaces

208 1840 359 1903 lleliadum
382 1851 494 1902 crustas
516 1851 545 1902 et
564 1843 734 1923 inaequales
756 1841 872 1918 beryllo

208 1924 295 1984 Virro
316 1933 396 1985 tenet
418 1923 544 2003 phialas:
569 1926 620 1985 tibi
642 1943 700 1986 uon
724 1927 907 1987 committitur
929 1941 1041 1993 aurum;

207 2006 281 2084 Vel,
304 2008 329 2068 si
355 2007 469 2086 quando
489 2007 587 2085 datur,
611 2018 711 2070 custos
731 2009 836 2071 aiiixus
855 2006 971 2083 ibidem,

209 2091 265 2166 Qui
283 2100 415 2152 numeret
437 2108 583 2169 gemmas,
608 2110 720 2172 ungues
743 2092 882 2154 observet
903 2100 1014 2152 acutos.

206 2173 253 2237 lla
273 2176 404 2236 ueniam:
427 2175 580 2254 praeclara
602 2175 643 2236 illi
666 2176 798 2239 laudatur
820 2178 919 2256 iaspis.
1005 2241 1016 2262 ,

206 2257 279 2320 Nam
303 2258 409 2338 Virro,
431 2268 461 2319 ut
482 2258 579 2337 multi,
601 2277 730 2338 gemmus
752 2261 788 2323 ad
809 2260 916 2340 pocula
937 2260 1074 2321 transfert

206 2339 234 2402 l
255 2341 369 2422 digitis,
393 2360 465 2424 quas
487 2345 516 2405 in
537 2346 659 2423 vaginem
682 2345 778 2407 irorrte
801 2344 917 2407 solebat

206 2426 320 2488 Ponere
342 2428 482 2508 zelotypo
504 2430 616 2490 iuuenis
640 2431 788 2510 praelatus
807 2429 927 2494 Iarbae:

206 2509 250 2571 'l'u
271 2511 468 2574 Beneuentani
490 2515 597 2575 sutoris
619 2531 724 2576 nomen
744 2514 898 2576 habentem

206 2595 339 2657 Siccabia
364 2597 484 2659 calicem
506 2613 640 2658 nasorum
663 2607 798 2675 quattuor
821 2615 856 2657 ao
880 2597 935 2655 iam

207 2677 380 2752 Quassatum
403 2687 433 2738 et
454 2688 539 2757 rupto
563 2686 733 2756 poscentem
756 2677 866 2738 suliura
889 2679 974 2737 vitro.

206 2760 237 2821 Si
260 2760 426 2821 stomachus
447 2760 554 2820 domiui
575 2760 671 2821 iervet
691 2761 818 2839 uinoque
842 2759 978 2839 ciboque,

204 2841 349 2921 Frigidior
371 2841 479 2904 Geticis
502 2843 611 2924 petitur
632 2844 755 2906 decocta
778 2844 902 2924 pruinis:

205 2924 270 2986 Non
289 2924 391 2986 eadem
413 2926 497 2987 uobis
519 2929 588 3006 poni
609 2928 695 2989 modo
717 2931 782 2990 vina
794 2924 959 3007 querebar?

206 3010 266 3070 Vos
290 3007 375 3070 aliam
393 3013 500 3089 potatis
525 3029 637 3094 aquam.
682 3010 747 3075 libi
769 3012 876 3092 pocula
895 3029 998 3075 cursor

205 3091 343 3155 Gaetulus
366 3093 444 3155 dabit
466 3103 514 3158 aut
535 3097 610 3175 uigri
632 3113 731 3159 manus
753 3114 841 3160 ossea
862 3095 964 3174 llauri,

203 3175 242 3239 llt
264 3177 311 3240 cui
333 3195 388 3258 per
408 3179 533 3241 mediam·
554 3180 629 3242 nolis
653 3198 811 3243 occurrere
831 3190 957 3259 noctem,

204 3259 341 3324 Clirosae
364 3264 482 3325 uelreris
502 3263 568 3326 dum
591 3281 645 3345 per
665 3275 846 3329 monumenta
868 3263 1001 3327 Latinae:
1156 3277 1189 3329 eu
1250 3307 1251 3310 =

203 3342 274 3413 tle·
297 3346 388 3410 Asiae
410 3357 475 3409 aute
493 3349 603 3428 ipsum,
624 3351 720 3429 pretio
742 3351 852 3411 maiore
875 3359 1004 3428 paratus,

203 3428 296 3505 Quam
316 3431 369 3492 iuit
391 3441 422 3493 et
443 3431 519 3494 'l'ulli
545 3451 651 3495 census
671 3436 814 3514 pugnacis
837 3443 865 3495 et
887 3433 961 3494 Anci

202 3509 255 3592 Et,
278 3532 316 3575 rre
338 3522 367 3576 te
393 3523 521 3595 teneam,
544 3517 736 3580 Romanorum
760 3519 853 3580 omnia
876 3535 975 3597 regum
