2552 4028
207 215 249 274 40
547 222 583 269 n.
608 219 681 269 mu.
706 219 894 268 munnams

207 367 271 428 llna
294 363 438 426 laboranti
459 361 568 440 poterit
588 375 763 422 succurrere
786 359 882 421 lunae.

208 449 332 529 Imponit
356 446 442 506 mem
463 447 583 524 sapiens
606 453 637 505 et
657 443 747 504 rebus
769 443 915 511 bonestis;

208 533 281 594 Nam
304 548 379 611 quae
402 530 489 590 docta
511 530 594 590 nbnis
617 531 697 608 cupit
717 537 747 586 et
767 527 893 589 facunda
913 525 1018 604 videri,
1150 535 1205 590 tes

210 615 303 677 Grure
324 625 408 675 tenus
429 613 527 675 medio
551 614 663 678 tunicas
683 613 859 690 succingere
882 609 982 688 debet,

209 699 343 762 Caedere
366 697 484 759 Silvano
507 707 645 777 porciam,
667 697 826 776 quadrante
848 696 950 758 lavari.

207 784 273 846 Non
295 782 402 844 habeat
422 791 570 859 matrona,
594 779 646 842 tibi
668 799 743 860 quae
765 783 861 842 iuncta
884 778 1037 856 recumbit,

207 867 331 930 Dicendi
352 885 463 946 genus,
486 875 536 928 aut
557 883 675 926 curvum
697 882 833 926 sermone
854 871 950 926 rotato

209 954 358 1032 Torqueat
373 951 580 1027 enthymema,
604 967 661 1011 neo
683 950 819 1011 historias
841 951 914 1010 sciat
936 963 1054 1016 omnem
1151 955 1207 1007 450

209 1037 269 1100 Sed
293 1034 434 1116 quaedam
456 1053 494 1094 ex
516 1034 597 1096 libris
623 1044 657 1095 et'
672 1051 730 1095 non
752 1033 921 1110 intellegat:
937 1029 993 1092 Odi

208 1121 289 1183 Hanc
312 1135 387 1196 ego,
412 1136 487 1195 quae
510 1119 618 1197 repetit
636 1118 792 1197 'volvitque
815 1117 998 1181 Palaemonis
1020 1124 1124 1190 artem,

207 1205 332 1266 Servata
354 1219 472 1278 semper
494 1202 562 1278 lege
586 1209 616 1261 et
638 1203 750 1262 ratione
774 1201 924 1281 loquendi,

207 1287 389 1365 Ignotusque
412 1283 481 1344 milti
503 1294 584 1345 tenet
605 1286 764 1364 antiquaria
787 1303 903 1361 versus,

207 1370 275 1432 Nec
303 1367 431 1430 curanda
449 1368 520 1429 viris
545 1371 650 1448 opicae
677 1371 803 1448 castigat
825 1370 940 1431 amicae
1149 1375 1203 1430 455

207 1454 322 1516 Verba:
350 1453 556 1515 soloecismum
576 1453 666 1515 liceat
688 1454 798 1516 fecisse
818 1455 932 1515 marito.

249 1538 298 1600 Nil
319 1555 377 1597 non
398 1540 537 1618 permittit
558 1538 662 1603 mulier
684 1538 756 1616 sibi,
781 1548 866 1618 turpe
890 1545 971 1617 putat
995 1535 1045 1612 nil,

209 1623 304 1698 Quum
323 1622 433 1684 virides
454 1639 585 1701 gemmas
610 1621 688 1686 collo
713 1619 903 1686 circumdedit
926 1631 956 1682 et
976 1634 1066 1700 quum

208 1707 336 1768 Auribus
361 1710 492 1769 extensis
513 1725 634 1786 magnos
657 1709 800 1769 commisit
824 1705 976 1772 elenchos.

208 1790 424 1854 Intolerabilius
446 1792 519 1854 nihil
546 1802 606 1870 est,
631 1809 716 1871 quam
736 1792 844 1854 lamina
865 1791 958 1855 dives.

207 1875 323 1936 luterea
345 1874 434 1937 toada
457 1885 579 1955 aspectu
600 1876 780 1956 ridendaque
800 1874 890 1937 multo

207 1959 287 2019 Pana
312 1966 402 2019 tumet
423 1959 517 2020 facies
538 1969 586 2020 aut
610 1962 728 2039 pinguia
749 1960 928 2038 Poppaeana

208 2041 324 2122 Spirat,
347 2052 376 2102 et
397 2041 464 2103 binc
485 2044 584 2103 miseri
604 2045 751 2115 viscantur
773 2043 855 2105 labra
875 2042 985 2104 mariti:

208 2126 255 2186 Ad
276 2126 429 2188 moechum
446 2128 507 2189 lota
527 2129 645 2188 veniunt
665 2137 741 2191 cute.
774 2126 895 2201 Quando
914 2125 1008 2187 videri

208 2209 278 2271 Vult
298 2210 428 2271 formosa
447 2208 547 2272 domi?
578 2211 710 2272 moechis
733 2210 836 2274 tanam
857 2219 1008 2290 parantum

207 2293 259 2354 llis
281 2295 401 2372 emitur,
425 2295 563 2376 quidquid
586 2296 715 2375 graciles
736 2297 793 2358 huc
814 2297 924 2357 mittitis
945 2292 1018 2355 ludi.

208 2379 338 2440 Tandem
357 2381 453 2459 aperit
471 2381 580 2442 vultum
602 2390 632 2442 et
653 2383 779 2444 tectoria
801 2383 893 2462 prima
913 2378 1046 2460 reponit:

208 2463 313 2542 Incipit
334 2465 473 2543 agnosci,
498 2473 585 2544 atqua
607 2465 660 2529 illo
683 2466 760 2527 lacte
782 2467 912 2541 fovetur,

207 2548 334 2627 Propter
356 2548 434 2628 qnod
451 2568 552 2610 secum
569 2552 690 2611 comites
711 2552 808 2612 educit
829 2548 950 2622 asellas,

208 2630 284 2691 Exul
305 2631 529 2710 Hyperboreum
551 2636 576 2692 si
599 2634 754 2695 dimittatur
776 2632 813 2694 ad
835 2649 929 2692 axem

208 2713 270 2774 Sed
295 2732 370 2793 quae
395 2719 510 2776 mutatis
532 2716 678 2776 inducitur
703 2724 789 2795 atque
810 2715 929 2776 foretur

208 2795 265 2858 'l'ot
285 2797 523 2859 medicaminibus
546 2808 709 2879 coctaeque
734 2799 855 2878 siliginis
878 2799 953 2860 ollas

208 2879 326 2962 Accipit
349 2890 378 2942 et
398 2883 550 2961 madidae,
574 2884 668 2946 iacies
691 2885 804 2946 dicetur
826 2901 863 2944 an
884 2880 992 2945 ulcus?

251 2965 306 3027 Est
327 2969 451 3045 pretium
473 2985 562 3028 curae
584 2969 700 3048 penitus
725 2986 926 3050 cognoscere,
947 2977 1011 3031 toto

208 3050 285 3126 Quid
307 3049 414 3113 iaciant
434 3053 604 3133 agitentque
624 3053 682 3114 die.
719 3054 751 3115 st
771 3062 859 3115 nocta
880 3056 998 3116 maritus

208 3136 341 3196 Avernus
362 3137 466 3213 lacuit,
489 3139 576 3216 pariit
597 3137 732 3215 libraria,
755 3146 866 3218 ponunt

210 3218 367 3288 (loametae
389 3223 518 3298 tunicas,
542 3222 625 3284 tarde
647 3223 766 3284 venisse
788 3221 930 3284 Liburnus

207 3303 320 3366 Dicitur
342 3315 372 3366 et
393 3323 504 3386 poenas
525 3306 613 3368 aliani
636 3307 767 3386 pendere
791 3307 883 3367 somni

210 3383 347 3464 Cogitur:
376 3389 423 3451 hic
445 3389 552 3470 frangit
571 3391 695 3468 ferulas,
718 3390 804 3452 rubet
825 3391 876 3452 ilie
899 3391 1029 3470 flagelio,

209 3469 264 3530 llic
286 3470 410 3547 sentica3
434 3473 500 3536 sunt
521 3492 597 3555 quae
618 3476 777 3538 tortoribus
799 3493 891 3538 annua
913 3481 1071 3555 praestent.
