2552 4028
501 248 626 298 snum
647 249 693 297 VI.

96 388 246 450 Verberat
270 399 356 469 atque
378 390 474 450 obitas
498 389 604 450 faciem
626 388 701 466 linit,
725 389 803 452 audit
825 391 933 452 amicas

96 473 160 533 Aut
182 473 269 534 latum
291 475 388 553 pictae
407 473 499 544 vestis
524 471 690 533 considerat
712 490 811 534 aurum

95 556 137 617 Et
161 557 269 628 caedit;
293 558 374 636 longi
396 558 502 636 relegit
522 565 688 616 transversa
711 556 802 618 diurni

96 640 139 702 Et
163 641 275 719 caedit,
297 643 393 703 donec
414 641 502 704 lassis
526 639 731 702 caedentibus:
757 641 819 702 exi!

95 724 217 788 intonet
238 725 429 803 horrendum,
452 728 507 786 iam
529 725 695 802 cognitione
718 734 848 804 peracta.
1040 738 1093 793 485

96 809 290 871 Praefectura
315 810 418 870 domus
439 809 538 870 Sicula
558 825 616 869 non
637 810 733 869 mitior
757 809 831 873 aula.

97 890 175 953 Nam
196 895 222 952 si
245 895 393 955 constituit
414 893 562 972 solitoque
586 892 738 955 decentius
764 902 846 971 optat

100 975 205 1037 Ornari
227 986 257 1037 et
278 987 418 1056 properat
441 979 556 1056 iamque
579 984 767 1056 exspectatur
788 978 817 1036 in
838 975 929 1037 bortis

100 1060 162 1121 Aut
183 1060 260 1140 apud
282 1061 396 1122 Isiacae
419 1062 516 1141 potius
538 1061 667 1122 sacraria
689 1060 786 1138 lenae,

99 1143 240 1223 Disponit
263 1147 388 1222 crinem,
411 1145 547 1206 laceratis
571 1145 637 1224 ipsa
660 1144 785 1222 capillis,
1041 1155 1094 1210 4⁹0

100 1227 186 1288 Nuda
208 1227 329 1290 humero
351 1229 459 1290 Psecas
480 1228 583 1290 infelix
604 1229 748 1308 nudisque
770 1229 913 1290 mamillis.

99 1310 201 1375 Altior
220 1311 269 1373 bic
291 1331 382 1392 quara
406 1309 574 1374 cincinnus?
602 1320 703 1373 taurea
725 1312 806 1391 punit

102 1391 247 1456 Continuo
268 1396 337 1458 dexi
361 1398 469 1458 crimen
489 1395 660 1474 facinusque
685 1396 793 1474 capilli.

101 1478 178 1553 Quid
198 1479 308 1542 Psecas
330 1477 465 1542 admisit?
487 1498 628 1560 quaenam
651 1488 697 1540 est
717 1479 764 1539 hic
788 1479 873 1558 culpa
896 1483 1025 1562 puellae,

101 1562 134 1623 Si
155 1563 208 1623 tibi
228 1563 374 1642 displicuit
394 1583 482 1625 nasus
503 1560 592 1624 tuus?
615 1562 706 1624 altera
728 1562 842 1623 laevum
1040 1575 1093 1630 495

99 1645 240 1706 Extendit
262 1649 411 1726 pectitque
434 1664 532 1708 comas
557 1655 588 1707 et
608 1646 701 1707 volvit
723 1647 753 1706 in
775 1645 885 1708 orbem.

100 1728 156 1790 Est
177 1730 206 1788 in
230 1730 353 1790 consilio
375 1739 503 1791 materna
525 1730 699 1809 admotaque
722 1729 797 1792 lauis

99 1811 230 1874 Emerita
252 1831 327 1894 quae
350 1823 448 1876 cessat
469 1832 537 1883 acu;
561 1814 705 1875 sententia
727 1815 819 1893 prima

99 1895 190 1957 Huius
214 1899 286 1975 erit,
310 1898 473 1978 posthanc
497 1907 594 1960 aetate
616 1907 702 1977 atque
729 1907 792 1960 arte
814 1899 942 1962 minores

101 1976 288 2059 censebunt,
314 1991 459 2061 tamquam
482 1983 576 2044 famae
602 1982 757 2043 discrimen
778 1992 881 2061 agatur
1041 1995 1094 2047 500

100 2064 159 2126 Aut
181 2065 308 2128 animae:
333 2076 411 2128 tanta
435 2075 480 2128 est
498 2067 657 2147 quaerendi
681 2084 750 2128 cura
774 2067 908 2130 decoris!

100 2145 157 2210 i'nt
178 2150 283 2227 premit
304 2150 469 2227 ordinibus,
493 2159 536 2211 tot
558 2151 652 2213 adhuc
676 2152 866 2230 compagibus
889 2153 977 2214 altum

99 2231 244 2293 Aedilicat
266 2243 368 2313 capnt:
390 2234 615 2296 Andromachen
637 2252 653 2295 a
674 2235 771 2296 fronte
795 2235 924 2304 videbis;

99 2315 170 2376 Post
190 2318 284 2377 minor
305 2327 366 2379 est:
392 2318 496 2379 credas
518 2318 613 2379 aliam.
659 2315 758 2395 (ledo,
781 2319 806 2378 si
827 2318 919 2380 breve
943 2320 1026 2399 parvi

100 2399 208 2460 Sortita
230 2409 277 2460 est
301 2400 401 2461 lateris
425 2401 549 2479 spatium
573 2400 752 2479 breviorque
773 2401 890 2462 videtur
1042 2412 1093 2464 505

98 2482 219 2561 Virgine
242 2483 404 2562 Pygmaea,
429 2483 515 2544 nullis
541 2485 637 2546 adiuta
660 2483 819 2560 cothurnis,

99 2565 137 2628 llt
159 2566 234 2628 levis
258 2577 358 2629 erecta
383 2568 533 2646 consurgit
558 2568 594 2628 ad
617 2566 720 2628 oscula
741 2567 854 2647 planta!

140 2647 228 2711 Nulla
250 2651 305 2712 viri
328 2670 398 2713 cura
420 2654 550 2730 interea,
575 2670 632 2712 uec
654 2652 761 2714 mentio
784 2651 835 2713 list

99 2735 290 2796 Damnorum:
314 2738 385 2796 vivit
406 2745 550 2816 tamqnam
574 2737 669 2800 vicina
692 2737 796 2814 mariti,

100 2817 164 2880 lloc
186 2818 253 2879 solo
276 2823 415 2900 propior,
437 2822 515 2901 qnod
538 2822 647 2882 amicos
671 2822 803 2900 coniugis
826 2821 886 2884 odit
1042 2829 1094 2883 510

100 2899 139 2963 Et
161 2919 284 2981 servos,
308 2905 406 2983 gravis
431 2914 477 2966 est
500 2905 670 2966 rationibus.
715 2905 797 2966 Ecce
818 2906 942 2967 iurantis

100 2985 240 3049 bellonae
261 2991 419 3069 matrisque
441 2987 526 3049 deum
548 2988 654 3050 chorus
666 2990 752 3050 intrat
775 2990 928 3067 elingens

102 3070 242 3150 Semivir,
266 3071 398 3133 obsceno
419 3073 513 3134 iacies
534 3073 698 3134 reverenda
717 3073 832 3149 minori,
874 3087 879 3098 ·

100 3154 201 3217 bicllia
223 3156 272 3235 qui
293 3166 378 3236 rapta
401 3158 494 3218 secuit
515 3158 654 3234 genitalia
674 3165 751 3218 testa

101 3240 160 3300 lam
183 3239 311 3318 pridem,
337 3241 383 3300 cui
405 3259 494 3302 rauca
516 3242 642 3319 cohors,
666 3243 711 3303 cui
733 3250 868 3318 tympana
891 3237 996 3298 cedunt
1039 3246 1092 3300 515

101 3321 220 3384 Plebeia
243 3333 273 3385 at
294 3323 420 3403 Phrygia
444 3326 567 3385 vestitur
588 3324 683 3387 bucca
707 3326 788 3385 tiara.

103 3405 216 3468 Grande
236 3418 322 3470 sonat
344 3410 492 3488 metuique
513 3409 592 3469 iubet
614 3407 793 3488 Septembris
816 3415 846 3468 et
876 3405 965 3466 austri

103 3490 281 3572 Adventum,
304 3493 360 3559 nisi
384 3511 417 3554 se
442 3503 556 3554 centum
578 3493 745 3554 lustraverit
769 3492 833 3552 ovis
